<?xml version="1.0" encoding="UTF-8"?>
<!DOCTYPE html PUBLIC "-//W3C//DTD XHTML 1.0 Transitional//EN"
    "http://www.w3.org/TR/xhtml1/DTD/xhtml1-transitional.dtd">
<html xmlns="http://www.w3.org/1999/xhtml" xml:lang="en" lang="en">
 <head>
  <title>
</title>
<meta http-equiv="Content-Type" content="text/html;charset=utf-8" />
  <meta name='ocr-system' content='tesseract 3.04.00' />
  <meta name='ocr-capabilities' content='ocr_page ocr_carea ocr_par ocr_line ocrx_word'/>
</head>
<body>
  <div class='ocr_page' id='page_1' title='image "./questionescriti01lutzgoog_0070.png"; bbox 0 0 777 1263; ppageno 0'>
   <div class='ocr_carea' id='block_1_1' title="bbox 386 106 496 121">
    <p class='ocr_par' dir='ltr' id='par_1_1' title="bbox 386 106 496 121">
     <span class='ocr_line' id='line_1_1' title="bbox 386 106 496 121; baseline 0.009 -4"><span class='ocrx_word' id='word_1_1' title='bbox 386 106 496 121; x_wconf 75' lang='lat'>—68—</span> 
     </span>
    </p>
   </div>
   <div class='ocr_carea' id='block_1_2' title="bbox 147 154 725 201">
    <p class='ocr_par' dir='ltr' id='par_1_2' title="bbox 147 154 725 201">
     <span class='ocr_line' id='line_1_2' title="bbox 147 154 725 174; baseline -0.002 -3"><span class='ocrx_word' id='word_1_2' title='bbox 147 154 196 172; x_wconf 88' lang='lat' dir='ltr'><strong>Quod</strong></span> <span class='ocrx_word' id='word_1_3' title='bbox 209 158 247 170; x_wconf 90' lang='lat' dir='ltr'><strong>nurn</strong></span> <span class='ocrx_word' id='word_1_4' title='bbox 257 158 286 174; x_wconf 84' lang='lat' dir='ltr'><strong>per</strong></span> <span class='ocrx_word' id='word_1_5' title='bbox 294 155 346 170; x_wconf 76' lang='lat' dir='ltr'><strong>artem</strong></span> <span class='ocrx_word' id='word_1_6' title='bbox 355 154 479 173; x_wconf 76' lang='lat' dir='ltr'><strong>grammaticam</strong></span> <span class='ocrx_word' id='word_1_7' title='bbox 488 154 541 174; x_wconf 81' lang='lat' dir='ltr'><strong>liceat,</strong></span> <span class='ocrx_word' id='word_1_8' title='bbox 550 154 613 170; x_wconf 67' lang='lat' dir='ltr'><strong>dubito⁴</strong></span> <span class='ocrx_word' id='word_1_9' title='bbox 628 155 725 170; x_wconf 84' lang='lat' dir='ltr'><strong>inserendum</strong></span> 
     </span>
     <span class='ocr_line' id='line_1_3' title="bbox 147 181 725 201; baseline 0.002 -5"><span class='ocrx_word' id='word_1_10' title='bbox 147 182 173 196; x_wconf 82' lang='lat' dir='ltr'><strong>est</strong></span> <span class='ocrx_word' id='word_1_11' title='bbox 185 181 229 197; x_wconf 79' lang='lat' dir='ltr'><strong>haud</strong></span> <span class='ocrx_word' id='word_1_12' title='bbox 242 181 292 197; x_wconf 87' lang='lat' dir='ltr'><strong>dubie</strong></span> <span class='ocrx_word' id='word_1_13' title='bbox 305 181 333 200; x_wconf 77' lang='lat' dir='ltr'><strong>eis,</strong></span> <span class='ocrx_word' id='word_1_14' title='bbox 342 181 387 201; x_wconf 81' lang='lat' dir='ltr'><strong>quod</strong></span> <span class='ocrx_word' id='word_1_15' title='bbox 396 182 434 197; x_wconf 86' lang='lat' dir='ltr'><strong>ante</strong></span> <span class='ocrx_word' id='word_1_16' title='bbox 443 185 452 196; x_wconf 83' lang='lat' dir='ltr'><strong>e</strong></span> <span class='ocrx_word' id='word_1_17' title='bbox 460 181 550 200; x_wconf 69' lang='lat' dir='ltr'><strong>republica</strong></span> <span class='ocrx_word' id='word_1_18' title='bbox 561 181 608 197; x_wconf 78' lang='lat' dir='ltr'><strong>facile</strong></span> <span class='ocrx_word' id='word_1_19' title='bbox 622 181 725 197; x_wconf 76' lang='lat' dir='ltr'>intercidebat.</span> 
     </span>
    </p>
   </div>
   <div class='ocr_carea' id='block_1_3' title="bbox 356 255 524 280">
    <p class='ocr_par' dir='ltr' id='par_1_3' title="bbox 356 255 524 280">
     <span class='ocr_line' id='line_1_4' title="bbox 356 255 524 280; baseline 0 -5"><span class='ocrx_word' id='word_1_20' title='bbox 356 255 412 275; x_wconf 86' lang='lat' dir='ltr'>Orat.</span> <span class='ocrx_word' id='word_1_21' title='bbox 424 256 451 275; x_wconf 90' lang='lat' dir='ltr'><strong>lV.</strong></span> <span class='ocrx_word' id='word_1_22' title='bbox 468 258 477 280; x_wconf 69' lang='grc' dir='ltr'>ξ</span> <span class='ocrx_word' id='word_1_23' title='bbox 494 256 524 275; x_wconf 75' lang='grc'><strong>13,</strong></span> 
     </span>
    </p>
   </div>
   <div class='ocr_carea' id='block_1_4' title="bbox 146 310 726 459">
    <p class='ocr_par' dir='ltr' id='par_1_4' title="bbox 146 310 726 459">
     <span class='ocr_line' id='line_1_5' title="bbox 201 310 725 330; baseline 0 -4"><span class='ocrx_word' id='word_1_24' title='bbox 201 310 259 326; x_wconf 83' lang='lat' dir='ltr'><strong>Cicero</strong></span> <span class='ocrx_word' id='word_1_25' title='bbox 272 310 356 330; x_wconf 81' lang='lat' dir='ltr'><strong>populum,</strong></span> <span class='ocrx_word' id='word_1_26' title='bbox 370 311 387 326; x_wconf 87' lang='lat' dir='ltr'><strong>ut</strong></span> <span class='ocrx_word' id='word_1_27' title='bbox 400 310 476 326; x_wconf 82' lang='lat' dir='ltr'><strong>virtutem</strong></span> <span class='ocrx_word' id='word_1_28' title='bbox 489 314 498 326; x_wconf 88' lang='lat' dir='ltr'><strong>a</strong></span> <span class='ocrx_word' id='word_1_29' title='bbox 511 310 601 326; x_wconf 81' lang='lat' dir='ltr'><strong>maioribus</strong></span> <span class='ocrx_word' id='word_1_30' title='bbox 616 311 691 326; x_wconf 74' lang='lat' dir='ltr'><strong>traditam</strong></span> <span class='ocrx_word' id='word_1_31' title='bbox 705 315 725 326; x_wconf 71' lang='lat' dir='ltr'><strong>re-</strong></span> 
     </span>
     <span class='ocr_line' id='line_1_6' title="bbox 146 337 726 357; baseline 0.002 -5"><span class='ocrx_word' id='word_1_32' title='bbox 146 337 203 357; x_wconf 77' lang='lat' dir='ltr'><strong>tineat,</strong></span> <span class='ocrx_word' id='word_1_33' title='bbox 221 337 319 352; x_wconf 77' lang='lat' dir='ltr'>adhortatus</span> <span class='ocrx_word' id='word_1_34' title='bbox 338 337 391 356; x_wconf 77' lang='lat' dir='ltr'><strong>pergit</strong></span> <span class='ocrx_word' id='word_1_35' title='bbox 409 337 424 352; x_wconf 90' lang='lat' dir='ltr'><strong>in</strong></span> <span class='ocrx_word' id='word_1_36' title='bbox 440 337 484 353; x_wconf 84' lang='lat' dir='ltr'><strong>hunc</strong></span> <span class='ocrx_word' id='word_1_37' title='bbox 497 337 564 353; x_wconf 88' lang='lat' dir='ltr'><strong>modurn</strong></span> <span class='ocrx_word' id='word_1_38' title='bbox 577 341 688 357; x_wconf 80' lang='lat' dir='ltr'><strong>„quamquam</strong></span> <span class='ocrx_word' id='word_1_39' title='bbox 700 337 726 353; x_wconf 83' lang='lat' dir='ltr'><strong>alia</strong></span> 
     </span>
     <span class='ocr_line' id='line_1_7' title="bbox 146 363 726 383; baseline 0 -4"><span class='ocrx_word' id='word_1_40' title='bbox 146 364 201 379; x_wconf 81' lang='lat' dir='ltr'><strong>omnia</strong></span> <span class='ocrx_word' id='word_1_41' title='bbox 213 363 254 379; x_wconf 72' lang='lat' dir='ltr'><strong>falsa</strong></span> <span class='ocrx_word' id='word_1_42' title='bbox 267 363 329 379; x_wconf 72' lang='lat' dir='ltr'><strong>incerta</strong></span> <span class='ocrx_word' id='word_1_43' title='bbox 341 364 374 379; x_wconf 91' lang='lat' dir='ltr'><strong>sint</strong></span> <span class='ocrx_word' id='word_1_44' title='bbox 386 364 416 383; x_wconf 82' lang='lat' dir='ltr'><strong>(sic</strong></span> <span class='ocrx_word' id='word_1_45' title='bbox 425 364 443 382; x_wconf 79' lang='lat' dir='ltr'><strong>V;</strong></span> <span class='ocrx_word' id='word_1_46' title='bbox 456 368 559 383; x_wconf 71' lang='lat' dir='ltr'><strong>quamquam</strong></span> <span class='ocrx_word' id='word_1_47' title='bbox 566 363 599 379; x_wconf 74' lang='grc'><em>3113</em></span> <span class='ocrx_word' id='word_1_48' title='bbox 607 364 664 379; x_wconf 80' lang='lat' dir='ltr'><strong>omnia</strong></span> <span class='ocrx_word' id='word_1_49' title='bbox 672 364 726 380; x_wconf 73' lang='lat' dir='ltr'><strong>incerta</strong></span> 
     </span>
     <span class='ocr_line' id='line_1_8' title="bbox 146 390 726 410; baseline 0.002 -5"><span class='ocrx_word' id='word_1_50' title='bbox 146 390 194 405; x_wconf 79' lang='lat' dir='ltr'><strong>sunt:</strong></span> <span class='ocrx_word' id='word_1_51' title='bbox 204 390 230 410; x_wconf 76' lang='lat' dir='ltr'><strong>D),</strong></span> <span class='ocrx_word' id='word_1_52' title='bbox 243 390 311 409; x_wconf 83' lang='lat' dir='ltr'><strong>caduca,</strong></span> <span class='ocrx_word' id='word_1_53' title='bbox 329 390 399 409; x_wconf 79' lang='lat' dir='ltr'><strong>mobilia,</strong></span> <span class='ocrx_word' id='word_1_54' title='bbox 417 390 469 406; x_wconf 75' lang='lat' dir='ltr'><strong>virtus</strong></span> <span class='ocrx_word' id='word_1_55' title='bbox 486 391 513 406; x_wconf 82' lang='lat' dir='ltr'><strong>est</strong></span> <span class='ocrx_word' id='word_1_56' title='bbox 530 395 562 406; x_wconf 91' lang='lat' dir='ltr'><strong>una</strong></span> <span class='ocrx_word' id='word_1_57' title='bbox 579 390 665 406; x_wconf 71' lang='lat' dir='ltr'><strong>altissimis</strong></span> <span class='ocrx_word' id='word_1_58' title='bbox 679 390 726 406; x_wconf 75' lang='lat' dir='ltr'><strong>defixa</strong></span> 
     </span>
     <span class='ocr_line' id='line_1_9' title="bbox 146 416 725 437; baseline 0.002 -5"><span class='ocrx_word' id='word_1_59' title='bbox 146 416 234 436; x_wconf 81' lang='lat' dir='ltr'><strong>radicibus,</strong></span> <span class='ocrx_word' id='word_1_60' title='bbox 243 421 287 436; x_wconf 81' lang='lat' dir='ltr'><strong>quae</strong></span> <span class='ocrx_word' id='word_1_61' title='bbox 300 421 384 437; x_wconf 79' lang='lat' dir='ltr'><strong>nunquam</strong></span> <span class='ocrx_word' id='word_1_62' title='bbox 397 417 412 432; x_wconf 87' lang='lat' dir='ltr'><strong>vi</strong></span> <span class='ocrx_word' id='word_1_63' title='bbox 425 417 457 432; x_wconf 86' lang='lat' dir='ltr'><strong>ulla</strong></span> <span class='ocrx_word' id='word_1_64' title='bbox 470 417 564 433; x_wconf 70' lang='lat' dir='ltr'><strong>labefactari</strong></span> <span class='ocrx_word' id='word_1_65' title='bbox 577 418 639 437; x_wconf 72' lang='lat' dir='ltr'><strong>potest,</strong></span> <span class='ocrx_word' id='word_1_66' title='bbox 649 422 725 437; x_wconf 81' lang='lat' dir='ltr'><strong>nunquam</strong></span> 
     </span>
     <span class='ocr_line' id='line_1_10' title="bbox 146 443 296 459; baseline -0.007 0"><span class='ocrx_word' id='word_1_67' title='bbox 146 443 230 459; x_wconf 80' lang='lat' dir='ltr'><strong>demoveri</strong></span> <span class='ocrx_word' id='word_1_68' title='bbox 243 443 296 459; x_wconf 82' lang='lat' dir='ltr'><strong>loco.‘¹</strong></span> 
     </span>
    </p>
   </div>
   <div class='ocr_carea' id='block_1_5' title="bbox 143 474 726 1061">
    <p class='ocr_par' dir='ltr' id='par_1_5' title="bbox 145 474 726 705">
     <span class='ocr_line' id='line_1_11' title="bbox 201 474 725 494; baseline 0.002 -5"><span class='ocrx_word' id='word_1_69' title='bbox 201 474 308 494; x_wconf 67' lang='lat' dir='ltr'><strong>Quamquam</strong></span> <span class='ocrx_word' id='word_1_70' title='bbox 327 475 422 494; x_wconf 82' lang='lat' dir='ltr'><strong>corruptum</strong></span> <span class='ocrx_word' id='word_1_71' title='bbox 443 479 481 490; x_wconf 87' lang='lat' dir='ltr'><strong>esse</strong></span> <span class='ocrx_word' id='word_1_72' title='bbox 502 479 545 490; x_wconf 80' lang='lat' dir='ltr'><strong>nunc</strong></span> <span class='ocrx_word' id='word_1_73' title='bbox 566 475 597 490; x_wconf 79' lang='lat' dir='ltr'><strong>iam</strong></span> <span class='ocrx_word' id='word_1_74' title='bbox 617 475 659 491; x_wconf 87' lang='lat' dir='ltr'><strong>inter</strong></span> <span class='ocrx_word' id='word_1_75' title='bbox 675 479 725 490; x_wconf 84' lang='lat' dir='ltr'><strong>ornnes</strong></span> 
     </span>
     <span class='ocr_line' id='line_1_12' title="bbox 146 501 725 521; baseline 0.002 -5"><span class='ocrx_word' id='word_1_76' title='bbox 146 502 223 517; x_wconf 83' lang='lat' dir='ltr'><strong>constare</strong></span> <span class='ocrx_word' id='word_1_77' title='bbox 233 501 302 517; x_wconf 85' lang='lat' dir='ltr'><strong>videtur.</strong></span> <span class='ocrx_word' id='word_1_78' title='bbox 315 501 408 520; x_wconf 78' lang='lat' dir='ltr'><strong>Madvigius</strong></span> <span class='ocrx_word' id='word_1_79' title='bbox 418 501 490 521; x_wconf 79' lang='lat' dir='ltr'><strong>Kaysero</strong></span> <span class='ocrx_word' id='word_1_80' title='bbox 503 502 571 517; x_wconf 81' lang='lat' dir='ltr'><strong>auctore</strong></span> <span class='ocrx_word' id='word_1_81' title='bbox 584 502 642 517; x_wconf 83' lang='lat' dir='ltr'><strong>contra</strong></span> <span class='ocrx_word' id='word_1_82' title='bbox 652 502 725 521; x_wconf 84' lang='lat' dir='ltr'><strong>Ursinum,</strong></span> 
     </span>
     <span class='ocr_line' id='line_1_13' title="bbox 146 527 726 548; baseline 0.002 -5"><span class='ocrx_word' id='word_1_83' title='bbox 146 527 255 543; x_wconf 82' lang='lat' dir='ltr'><strong>Garatonium</strong></span> <span class='ocrx_word' id='word_1_84' title='bbox 271 528 312 543; x_wconf 83' lang='lat' dir='ltr'><strong>alios</strong></span> <span class='ocrx_word' id='word_1_85' title='bbox 324 532 382 543; x_wconf 83' lang='lat' dir='ltr'><strong>vocem</strong></span> <span class='ocrx_word' id='word_1_86' title='bbox 397 529 467 547; x_wconf 76' lang='lat' dir='ltr'><strong>resecat,</strong></span> <span class='ocrx_word' id='word_1_87' title='bbox 483 528 499 544; x_wconf 37' lang='lat' dir='ltr'><strong>P&lt;</strong></span> <span class='ocrx_word' id='word_1_88' title='bbox 512 528 529 544; x_wconf 83' lang='lat' dir='ltr'><strong>R.</strong></span> <span class='ocrx_word' id='word_1_89' title='bbox 542 528 637 548; x_wconf 76' lang='lat' dir='ltr'><strong>Muellerus,</strong></span> <span class='ocrx_word' id='word_1_90' title='bbox 655 530 696 544; x_wconf 82' lang='lat' dir='ltr'><strong>certe</strong></span> <span class='ocrx_word' id='word_1_91' title='bbox 712 530 726 544; x_wconf 88' lang='lat' dir='ltr'><strong>ut</strong></span> 
     </span>
     <span class='ocr_line' id='line_1_14' title="bbox 146 554 725 575; baseline 0.002 -5"><span class='ocrx_word' id='word_1_92' title='bbox 146 554 219 570; x_wconf 88' lang='lat' dir='ltr'><strong>Vaticani</strong></span> <span class='ocrx_word' id='word_1_93' title='bbox 232 555 347 570; x_wconf 79' lang='lat' dir='ltr'><strong>auctoritatem</strong></span> <span class='ocrx_word' id='word_1_94' title='bbox 360 556 432 574; x_wconf 82' lang='lat' dir='ltr'><strong>tueatur,</strong></span> <span class='ocrx_word' id='word_1_95' title='bbox 445 555 515 570; x_wconf 83' lang='lat' dir='ltr'><strong>coniecit</strong></span> <span class='ocrx_word' id='word_1_96' title='bbox 521 556 532 575; x_wconf 88' lang='lat'><strong>¹)</strong></span> <span class='ocrx_word' id='word_1_97' title='bbox 544 560 585 571; x_wconf 79' lang='lat' dir='ltr'><strong>nam</strong></span> <span class='ocrx_word' id='word_1_98' title='bbox 596 560 634 571; x_wconf 85' lang='lat' dir='ltr'><strong>cum</strong></span> <span class='ocrx_word' id='word_1_99' title='bbox 646 555 678 571; x_wconf 70' lang='lat' dir='ltr'><strong>alia</strong></span> <span class='ocrx_word' id='word_1_100' title='bbox 690 568 692 571; x_wconf 75' lang='grc'>,</span> <span class='ocrx_word' id='word_1_101' title='bbox 706 568 708 571; x_wconf 76' lang='grc'>,</span> <span class='ocrx_word' id='word_1_102' title='bbox 723 568 725 570; x_wconf 98' lang='grc'>.</span> 
     </span>
     <span class='ocr_line' id='line_1_15' title="bbox 145 581 725 601; baseline 0 -4"><span class='ocrx_word' id='word_1_103' title='bbox 145 582 183 600; x_wconf 74' lang='lat' dir='ltr'><strong>sint,</strong></span> <span class='ocrx_word' id='word_1_104' title='bbox 201 585 250 601; x_wconf 81' lang='lat' dir='ltr'><strong>quam</strong></span> <span class='ocrx_word' id='word_1_105' title='bbox 269 582 376 597; x_wconf 75' lang='lat' dir='ltr'><strong>mutationem</strong></span> <span class='ocrx_word' id='word_1_106' title='bbox 394 581 468 597; x_wconf 84' lang='lat' dir='ltr'><strong>Halmius</strong></span> <span class='ocrx_word' id='word_1_107' title='bbox 486 582 502 597; x_wconf 87' lang='lat' dir='ltr'><strong>et</strong></span> <span class='ocrx_word' id='word_1_108' title='bbox 519 581 537 597; x_wconf 88' lang='lat' dir='ltr'><strong>C.</strong></span> <span class='ocrx_word' id='word_1_109' title='bbox 550 582 565 597; x_wconf 83' lang='lat' dir='ltr'><strong>F.</strong></span> <span class='ocrx_word' id='word_1_110' title='bbox 575 582 600 597; x_wconf 32' lang='lat' dir='ltr'><strong>W*</strong></span> <span class='ocrx_word' id='word_1_111' title='bbox 612 582 700 598; x_wconf 81' lang='lat' dir='ltr'><strong>Muellerus</strong></span> <span class='ocrx_word' id='word_1_112' title='bbox 713 582 725 597; x_wconf 85' lang='lat' dir='ltr'><strong>in</strong></span> 
     </span>
     <span class='ocr_line' id='line_1_16' title="bbox 145 608 725 629; baseline 0.002 -6"><span class='ocrx_word' id='word_1_113' title='bbox 145 609 209 624; x_wconf 79' lang='lat' dir='ltr'><strong>textum</strong></span> <span class='ocrx_word' id='word_1_114' title='bbox 218 609 320 628; x_wconf 75' lang='lat' dir='ltr'><strong>receperunt.</strong></span> <span class='ocrx_word' id='word_1_115' title='bbox 334 608 396 624; x_wconf 79' lang='lat' dir='ltr'><strong>eontra</strong></span> <span class='ocrx_word' id='word_1_116' title='bbox 406 608 480 624; x_wconf 80' lang='lat' dir='ltr'><strong>Clarcius</strong></span> <span class='ocrx_word' id='word_1_117' title='bbox 489 608 590 627; x_wconf 78' lang='lat' dir='ltr'><strong>Madvigium</strong></span> <span class='ocrx_word' id='word_1_118' title='bbox 599 609 675 628; x_wconf 83' lang='lat' dir='ltr'><strong>sequitur</strong></span> <span class='ocrx_word' id='word_1_119' title='bbox 682 610 725 629; x_wconf 82' lang='lat' dir='ltr'><strong>atque</strong></span> 
     </span>
     <span class='ocr_line' id='line_1_17' title="bbox 146 635 726 656; baseline 0.002 -6"><span class='ocrx_word' id='word_1_120' title='bbox 146 635 161 650; x_wconf 88' lang='lat' dir='ltr'><strong>id</strong></span> <span class='ocrx_word' id='word_1_121' title='bbox 174 635 237 654; x_wconf 84' lang='lat' dir='ltr'><strong>optimo</strong></span> <span class='ocrx_word' id='word_1_122' title='bbox 250 635 289 651; x_wconf 89' lang='lat' dir='ltr'><strong>iure.</strong></span> <span class='ocrx_word' id='word_1_123' title='bbox 309 635 376 651; x_wconf 86' lang='lat' dir='ltr'><strong>Videtur</strong></span> <span class='ocrx_word' id='word_1_124' title='bbox 388 636 431 651; x_wconf 85' lang='lat' dir='ltr'><strong>enim</strong></span> <span class='ocrx_word' id='word_1_125' title='bbox 440 639 542 655; x_wconf 68' lang='lat' dir='ltr'><strong>quamquam</strong></span> <span class='ocrx_word' id='word_1_126' title='bbox 550 640 571 651; x_wconf 83' lang='lat' dir='ltr'><strong>ex</strong></span> <span class='ocrx_word' id='word_1_127' title='bbox 580 636 625 651; x_wconf 87' lang='lat' dir='ltr'><strong>initio</strong></span> <span class='ocrx_word' id='word_1_128' title='bbox 635 636 726 656; x_wconf 79' lang='lat' dir='ltr'><strong>paragraphi</strong></span> 
     </span>
     <span class='ocr_line' id='line_1_18' title="bbox 146 661 726 682; baseline 0.002 -5"><span class='ocrx_word' id='word_1_129' title='bbox 146 661 178 677; x_wconf 80' lang='lat' dir='ltr'><strong>huc</strong></span> <span class='ocrx_word' id='word_1_130' title='bbox 188 662 280 681; x_wconf 78' lang='lat' dir='ltr'><strong>irrepsisse,</strong></span> <span class='ocrx_word' id='word_1_131' title='bbox 287 662 346 677; x_wconf 89' lang='lat' dir='ltr'><strong>deinde</strong></span> <span class='ocrx_word' id='word_1_132' title='bbox 355 662 431 682; x_wconf 81' lang='lat' dir='ltr'><strong>primaria</strong></span> <span class='ocrx_word' id='word_1_133' title='bbox 440 662 532 678; x_wconf 72' lang='lat' dir='ltr'><strong>enuntiatio</strong></span> <span class='ocrx_word' id='word_1_134' title='bbox 541 662 592 678; x_wconf 77' lang='lat' dir='ltr'><strong>multo</strong></span> <span class='ocrx_word' id='word_1_135' title='bbox 601 663 655 681; x_wconf 78' lang='lat' dir='ltr'><strong>magis</strong></span> <span class='ocrx_word' id='word_1_136' title='bbox 664 663 726 682; x_wconf 76' lang='lat' dir='ltr'><strong>quadrat</strong></span> 
     </span>
     <span class='ocr_line' id='line_1_19' title="bbox 145 689 507 705; baseline 0 -1"><span class='ocrx_word' id='word_1_137' title='bbox 145 689 165 704; x_wconf 81' lang='lat' dir='ltr'><strong>ad</strong></span> <span class='ocrx_word' id='word_1_138' title='bbox 178 689 277 704; x_wconf 81' lang='lat' dir='ltr'><strong>sententiam</strong></span> <span class='ocrx_word' id='word_1_139' title='bbox 290 689 377 704; x_wconf 70' lang='lat' dir='ltr'><strong>artificiose</strong></span> <span class='ocrx_word' id='word_1_140' title='bbox 390 690 507 705; x_wconf 80' lang='lat' dir='ltr'><strong>constructam.</strong></span> 
     </span>
    </p>

    <p class='ocr_par' dir='ltr' id='par_1_6' title="bbox 143 720 725 1061">
     <span class='ocr_line' id='line_1_20' title="bbox 200 720 725 740; baseline 0.002 -5"><span class='ocrx_word' id='word_1_141' title='bbox 200 720 271 736; x_wconf 81' lang='lat' dir='ltr'><strong>Maiores</strong></span> <span class='ocrx_word' id='word_1_142' title='bbox 284 720 389 736; x_wconf 70' lang='lat' dir='ltr'><strong>difficultates</strong></span> <span class='ocrx_word' id='word_1_143' title='bbox 402 720 417 735; x_wconf 89' lang='lat' dir='ltr'><strong>in</strong></span> <span class='ocrx_word' id='word_1_144' title='bbox 430 720 462 736; x_wconf 81' lang='lat' dir='ltr'><strong>fine</strong></span> <span class='ocrx_word' id='word_1_145' title='bbox 475 721 547 736; x_wconf 41' lang='lat' dir='ltr'><strong>exstant&lt;</strong></span> <span class='ocrx_word' id='word_1_146' title='bbox 561 720 584 736; x_wconf 83' lang='lat' dir='ltr'><strong>Ex</strong></span> <span class='ocrx_word' id='word_1_147' title='bbox 596 720 633 736; x_wconf 86' lang='lat' dir='ltr'><strong>loco</strong></span> <span class='ocrx_word' id='word_1_148' title='bbox 646 721 725 740; x_wconf 78' lang='lat' dir='ltr'><strong>proposito</strong></span> 
     </span>
     <span class='ocr_line' id='line_1_21' title="bbox 146 747 725 767; baseline 0.002 -5"><span class='ocrx_word' id='word_1_149' title='bbox 146 747 221 763; x_wconf 91' lang='lat' dir='ltr'><strong>videmus</strong></span> <span class='ocrx_word' id='word_1_150' title='bbox 237 747 251 762; x_wconf 92' lang='lat' dir='ltr'><strong>in</strong></span> <span class='ocrx_word' id='word_1_151' title='bbox 264 747 344 762; x_wconf 82' lang='lat' dir='ltr'><strong>Vaticano</strong></span> <span class='ocrx_word' id='word_1_152' title='bbox 361 747 408 766; x_wconf 83' lang='lat' dir='ltr'><strong>plura</strong></span> <span class='ocrx_word' id='word_1_153' title='bbox 426 747 476 763; x_wconf 85' lang='lat' dir='ltr'><strong>verba</strong></span> <span class='ocrx_word' id='word_1_154' title='bbox 494 747 549 763; x_wconf 85' lang='lat' dir='ltr'><strong>inesse</strong></span> <span class='ocrx_word' id='word_1_155' title='bbox 566 752 616 767; x_wconf 86' lang='lat' dir='ltr'><strong>quarn</strong></span> <span class='ocrx_word' id='word_1_156' title='bbox 634 748 649 763; x_wconf 94' lang='lat' dir='ltr'><strong>in</strong></span> <span class='ocrx_word' id='word_1_157' title='bbox 667 748 686 767; x_wconf 84' lang='lat' dir='ltr'><strong>D;</strong></span> <span class='ocrx_word' id='word_1_158' title='bbox 702 747 725 767; x_wconf 85' lang='lat' dir='ltr'><strong>qui</strong></span> 
     </span>
     <span class='ocr_line' id='line_1_22' title="bbox 146 773 724 792; baseline 0.002 -3"><span class='ocrx_word' id='word_1_159' title='bbox 146 774 180 789; x_wconf 84' lang='lat' dir='ltr'><strong>libri</strong></span> <span class='ocrx_word' id='word_1_160' title='bbox 193 774 271 789; x_wconf 83' lang='lat' dir='ltr'><strong>omittunt</strong></span> <span class='ocrx_word' id='word_1_161' title='bbox 284 778 342 789; x_wconf 85' lang='lat' dir='ltr'><strong>omnes</strong></span> <span class='ocrx_word' id='word_1_162' title='bbox 354 773 401 789; x_wconf 73' lang='lat' dir='ltr'><strong>falsa.</strong></span> <span class='ocrx_word' id='word_1_163' title='bbox 415 774 463 792; x_wconf 85' lang='lat' dir='ltr'><strong>Quod</strong></span> <span class='ocrx_word' id='word_1_164' title='bbox 476 774 549 790; x_wconf 80' lang='lat' dir='ltr'><strong>editores</strong></span> <span class='ocrx_word' id='word_1_165' title='bbox 558 774 626 790; x_wconf 87' lang='lat' dir='ltr'><strong>verbum</strong></span> <span class='ocrx_word' id='word_1_166' title='bbox 640 775 655 790; x_wconf 86' lang='lat' dir='ltr'><strong>in</strong></span> <span class='ocrx_word' id='word_1_167' title='bbox 668 775 724 790; x_wconf 79' lang='lat' dir='ltr'><strong>textum</strong></span> 
     </span>
     <span class='ocr_line' id='line_1_23' title="bbox 145 800 724 820; baseline 0 -4"><span class='ocrx_word' id='word_1_168' title='bbox 145 800 226 820; x_wconf 84' lang='lat' dir='ltr'><strong>recipiunt</strong></span> <span class='ocrx_word' id='word_1_169' title='bbox 238 801 295 816; x_wconf 88' lang='lat' dir='ltr'><strong>contra</strong></span> <span class='ocrx_word' id='word_1_170' title='bbox 308 800 417 816; x_wconf 70' lang='lat' dir='ltr'><strong>Gai-atomum</strong></span> <span class='ocrx_word' id='word_1_171' title='bbox 430 800 511 816; x_wconf 84' lang='lat' dir='ltr'><strong>dicentem</strong></span> <span class='ocrx_word' id='word_1_172' title='bbox 523 805 588 820; x_wconf 84' lang='lat' dir='ltr'><strong>„neque</strong></span> <span class='ocrx_word' id='word_1_173' title='bbox 601 805 641 816; x_wconf 89' lang='lat' dir='ltr'><strong>vero</strong></span> <span class='ocrx_word' id='word_1_174' title='bbox 654 801 724 819; x_wconf 80' lang='lat' dir='ltr'><strong>intelligo;</strong></span> 
     </span>
     <span class='ocr_line' id='line_1_24' title="bbox 144 827 724 847; baseline 0.002 -5"><span class='ocrx_word' id='word_1_175' title='bbox 144 831 233 847; x_wconf 75' lang='lat' dir='ltr'><strong>quemnam</strong></span> <span class='ocrx_word' id='word_1_176' title='bbox 247 827 300 843; x_wconf 82' lang='lat' dir='ltr'><strong>locum</strong></span> <span class='ocrx_word' id='word_1_177' title='bbox 313 831 346 843; x_wconf 85' lang='lat' dir='ltr'><strong>vox</strong></span> <span class='ocrx_word' id='word_1_178' title='bbox 358 827 401 843; x_wconf 76' lang='lat' dir='ltr'><strong>salsa</strong></span> <span class='ocrx_word' id='word_1_179' title='bbox 413 828 470 843; x_wconf 86' lang='lat' dir='ltr'><strong>tenere</strong></span> <span class='ocrx_word' id='word_1_180' title='bbox 483 828 542 847; x_wconf 81' lang='lat' dir='ltr'><strong>possit,</strong></span> <span class='ocrx_word' id='word_1_181' title='bbox 551 832 600 847; x_wconf 81' lang='lat' dir='ltr'><strong>quam</strong></span> <span class='ocrx_word' id='word_1_182' title='bbox 614 829 658 844; x_wconf 84' lang='lat' dir='ltr'><strong>recte</strong></span> <span class='ocrx_word' id='word_1_183' title='bbox 670 828 724 843; x_wconf 80' lang='lat' dir='ltr'><strong>abesse</strong></span> 
     </span>
     <span class='ocr_line' id='line_1_25' title="bbox 144 854 723 874; baseline 0.002 -5"><span class='ocrx_word' id='word_1_184' title='bbox 144 855 223 874; x_wconf 79' lang='lat' dir='ltr'><strong>censeo,“</strong></span> <span class='ocrx_word' id='word_1_185' title='bbox 236 854 294 874; x_wconf 78' lang='lat' dir='ltr'><strong>probo,</strong></span> <span class='ocrx_word' id='word_1_186' title='bbox 307 858 344 869; x_wconf 90' lang='lat' dir='ltr'><strong>curn</strong></span> <span class='ocrx_word' id='word_1_187' title='bbox 357 854 415 870; x_wconf 87' lang='lat' dir='ltr'><strong>Cicero</strong></span> <span class='ocrx_word' id='word_1_188' title='bbox 428 854 497 870; x_wconf 83' lang='lat' dir='ltr'><strong>libenter</strong></span> <span class='ocrx_word' id='word_1_189' title='bbox 510 855 588 874; x_wconf 79' lang='lat' dir='ltr'><strong>quattuor</strong></span> <span class='ocrx_word' id='word_1_190' title='bbox 601 855 674 871; x_wconf 78' lang='lat' dir='ltr'><strong>membra</strong></span> <span class='ocrx_word' id='word_1_191' title='bbox 685 859 723 870; x_wconf 86' lang='lat' dir='ltr'><strong>corn-</strong></span> 
     </span>
     <span class='ocr_line' id='line_1_26' title="bbox 144 880 723 901; baseline 0.002 -5"><span class='ocrx_word' id='word_1_192' title='bbox 144 882 200 900; x_wconf 63' lang='lat' dir='ltr'><strong>ponat⁴</strong></span> <span class='ocrx_word' id='word_1_193' title='bbox 210 880 264 900; x_wconf 69' lang='lat' dir='ltr'><strong>(Conf,</strong></span> <span class='ocrx_word' id='word_1_194' title='bbox 273 881 337 896; x_wconf 80' lang='lat' dir='ltr'><strong>Orator.</strong></span> <span class='ocrx_word' id='word_1_195' title='bbox 345 881 354 901; x_wconf 65' lang='grc' dir='ltr'>ξ</span> <span class='ocrx_word' id='word_1_196' title='bbox 364 881 384 896; x_wconf 88' lang='grc'><strong>10</strong></span> <span class='ocrx_word' id='word_1_197' title='bbox 394 882 459 900; x_wconf 84' lang='lat' dir='ltr'><strong>„cetera</strong></span> <span class='ocrx_word' id='word_1_198' title='bbox 469 881 520 900; x_wconf 81' lang='lat' dir='ltr'><strong>nasci,</strong></span> <span class='ocrx_word' id='word_1_199' title='bbox 529 881 609 900; x_wconf 81' lang='lat' dir='ltr'><strong>occidere,</strong></span> <span class='ocrx_word' id='word_1_200' title='bbox 618 881 675 901; x_wconf 77' lang='lat' dir='ltr'><strong>fluere,</strong></span> <span class='ocrx_word' id='word_1_201' title='bbox 682 881 723 897; x_wconf 61' lang='lat' dir='ltr'><strong>labis*</strong></span> 
     </span>
     <span class='ocr_line' id='line_1_27' title="bbox 144 907 723 928; baseline 0 -5"><span class='ocrx_word' id='word_1_202' title='bbox 144 908 186 923; x_wconf 69' lang='lat' dir='ltr'><strong>orat⁴</strong></span> <span class='ocrx_word' id='word_1_203' title='bbox 196 912 218 927; x_wconf 83' lang='lat' dir='ltr'><strong>pr.</strong></span> <span class='ocrx_word' id='word_1_204' title='bbox 228 907 260 923; x_wconf 69' lang='lat' dir='ltr'><strong>Mil,</strong></span> <span class='ocrx_word' id='word_1_205' title='bbox 269 907 279 927; x_wconf 71' lang='grc' dir='ltr'>ξ</span> <span class='ocrx_word' id='word_1_206' title='bbox 292 907 312 923; x_wconf 85' lang='grc'><strong>42</strong></span> <span class='ocrx_word' id='word_1_207' title='bbox 325 907 374 927; x_wconf 83' lang='lat' dir='ltr'><strong>„nihil</strong></span> <span class='ocrx_word' id='word_1_208' title='bbox 388 908 414 923; x_wconf 80' lang='lat' dir='ltr'><strong>est</strong></span> <span class='ocrx_word' id='word_1_209' title='bbox 426 908 459 923; x_wconf 84' lang='lat' dir='ltr'><strong>tarn</strong></span> <span class='ocrx_word' id='word_1_210' title='bbox 477 908 531 927; x_wconf 76' lang='lat' dir='ltr'><strong>molle,</strong></span> <span class='ocrx_word' id='word_1_211' title='bbox 549 908 582 923; x_wconf 87' lang='lat' dir='ltr'><strong>tam</strong></span> <span class='ocrx_word' id='word_1_212' title='bbox 600 908 680 928; x_wconf 66' lang='lat' dir='ltr'><strong>tenerum,</strong></span> <span class='ocrx_word' id='word_1_213' title='bbox 695 909 723 923; x_wconf 76' lang='lat' dir='ltr'><strong>tam</strong></span> 
     </span>
     <span class='ocr_line' id='line_1_28' title="bbox 145 933 723 955; baseline -0.002 -5"><span class='ocrx_word' id='word_1_214' title='bbox 145 935 174 950; x_wconf 89' lang='lat' dir='ltr'><strong>aut</strong></span> <span class='ocrx_word' id='word_1_215' title='bbox 186 934 242 953; x_wconf 81' lang='lat' dir='ltr'><strong>fragile</strong></span> <span class='ocrx_word' id='word_1_216' title='bbox 255 935 284 950; x_wconf 78' lang='lat' dir='ltr'><strong>aut</strong></span> <span class='ocrx_word' id='word_1_217' title='bbox 296 934 384 950; x_wconf 82' lang='lat' dir='ltr'><strong>flexibile.“</strong></span> <span class='ocrx_word' id='word_1_218' title='bbox 403 935 444 950; x_wconf 81' lang='lat' dir='ltr'><strong>orat.</strong></span> <span class='ocrx_word' id='word_1_219' title='bbox 457 934 496 949; x_wconf 83' lang='lat' dir='ltr'><strong>Phil.</strong></span> <span class='ocrx_word' id='word_1_220' title='bbox 509 934 519 950; x_wconf 85' lang='lat' dir='ltr'><strong>l.</strong></span> <span class='ocrx_word' id='word_1_221' title='bbox 532 933 542 955; x_wconf 65' lang='grc' dir='ltr'><strong>ξ</strong></span> <span class='ocrx_word' id='word_1_222' title='bbox 554 935 575 950; x_wconf 82' lang='lat'><strong>33</strong></span> <span class='ocrx_word' id='word_1_223' title='bbox 588 935 650 954; x_wconf 88' lang='lat' dir='ltr'><strong>„metui</strong></span> <span class='ocrx_word' id='word_1_224' title='bbox 663 939 699 951; x_wconf 88' lang='lat' dir='ltr'><strong>vero</strong></span> <span class='ocrx_word' id='word_1_225' title='bbox 710 936 723 950; x_wconf 86' lang='lat' dir='ltr'><strong>et</strong></span> 
     </span>
     <span class='ocr_line' id='line_1_29' title="bbox 144 961 723 981; baseline 0.002 -5"><span class='ocrx_word' id='word_1_226' title='bbox 144 961 159 976; x_wconf 94' lang='lat' dir='ltr'><strong>in</strong></span> <span class='ocrx_word' id='word_1_227' title='bbox 173 961 210 977; x_wconf 88' lang='lat' dir='ltr'><strong>odio</strong></span> <span class='ocrx_word' id='word_1_228' title='bbox 223 965 262 977; x_wconf 89' lang='lat' dir='ltr'><strong>esse</strong></span> <span class='ocrx_word' id='word_1_229' title='bbox 276 961 379 980; x_wconf 83' lang='lat' dir='ltr'><strong>invidiosum,</strong></span> <span class='ocrx_word' id='word_1_230' title='bbox 393 961 497 980; x_wconf 74' lang='lat' dir='ltr'><strong>detestabile,</strong></span> <span class='ocrx_word' id='word_1_231' title='bbox 510 961 613 981; x_wconf 84' lang='lat' dir='ltr'><strong>imbecillum,</strong></span> <span class='ocrx_word' id='word_1_232' title='bbox 626 962 723 981; x_wconf 58' lang='lat' dir='ltr'><strong>caducums‘)</strong></span> 
     </span>
     <span class='ocr_line' id='line_1_30' title="bbox 144 987 723 1008; baseline 0.002 -5"><span class='ocrx_word' id='word_1_233' title='bbox 144 987 177 1003; x_wconf 90' lang='lat' dir='ltr'><strong>Sed</strong></span> <span class='ocrx_word' id='word_1_234' title='bbox 194 988 239 1008; x_wconf 86' lang='lat' dir='ltr'><strong>quod</strong></span> <span class='ocrx_word' id='word_1_235' title='bbox 255 992 286 1003; x_wconf 88' lang='lat' dir='ltr'><strong>nos</strong></span> <span class='ocrx_word' id='word_1_236' title='bbox 303 989 376 1007; x_wconf 83' lang='lat' dir='ltr'><strong>monent,</strong></span> <span class='ocrx_word' id='word_1_237' title='bbox 394 989 412 1003; x_wconf 96' lang='lat' dir='ltr'><strong>ut</strong></span> <span class='ocrx_word' id='word_1_238' title='bbox 430 988 493 1007; x_wconf 83' lang='lat' dir='ltr'><strong>legatur</strong></span> <span class='ocrx_word' id='word_1_239' title='bbox 509 988 557 1008; x_wconf 72' lang='lat' dir='ltr'><strong>falsa,</strong></span> <span class='ocrx_word' id='word_1_240' title='bbox 574 988 637 1004; x_wconf 66' lang='lat' dir='ltr'><strong>incerta</strong></span> <span class='ocrx_word' id='word_1_241' title='bbox 654 988 723 1008; x_wconf 81' lang='lat' dir='ltr'><strong>equidem</strong></span> 
     </span>
     <span class='ocr_line' id='line_1_31' title="bbox 143 1014 723 1034; baseline 0 -4"><span class='ocrx_word' id='word_1_242' title='bbox 143 1014 230 1034; x_wconf 83' lang='lat' dir='ltr'><strong>dissentio,</strong></span> <span class='ocrx_word' id='word_1_243' title='bbox 248 1015 287 1034; x_wconf 84' lang='lat' dir='ltr'><strong>quia</strong></span> <span class='ocrx_word' id='word_1_244' title='bbox 305 1015 331 1030; x_wconf 79' lang='lat' dir='ltr'><strong>vix</strong></span> <span class='ocrx_word' id='word_1_245' title='bbox 350 1014 421 1033; x_wconf 81' lang='lat' dir='ltr'><strong>intellegi</strong></span> <span class='ocrx_word' id='word_1_246' title='bbox 441 1015 501 1034; x_wconf 84' lang='lat' dir='ltr'><strong>potest,</strong></span> <span class='ocrx_word' id='word_1_247' title='bbox 519 1015 557 1034; x_wconf 85' lang='lat' dir='ltr'><strong>quid</strong></span> <span class='ocrx_word' id='word_1_248' title='bbox 576 1014 630 1031; x_wconf 73' lang='lat' dir='ltr'><strong>falsus</strong></span> <span class='ocrx_word' id='word_1_249' title='bbox 646 1015 676 1031; x_wconf 84' lang='lat' dir='ltr'><strong>hoc</strong></span> <span class='ocrx_word' id='word_1_250' title='bbox 692 1015 723 1030; x_wconf 78' lang='lat' dir='ltr'><strong>loco</strong></span> 
     </span>
     <span class='ocr_line' id='line_1_32' title="bbox 144 1041 722 1061; baseline 0.002 -5"><span class='ocrx_word' id='word_1_251' title='bbox 144 1042 192 1057; x_wconf 86' lang='lat' dir='ltr'><strong>sonet</strong></span> <span class='ocrx_word' id='word_1_252' title='bbox 205 1041 230 1057; x_wconf 83' lang='lat' dir='ltr'><strong>vel</strong></span> <span class='ocrx_word' id='word_1_253' title='bbox 243 1041 329 1060; x_wconf 77' lang='lat' dir='ltr'><strong>significet.</strong></span> <span class='ocrx_word' id='word_1_254' title='bbox 355 1041 386 1060; x_wconf 83' lang='lat' dir='ltr'><strong>Qui</strong></span> <span class='ocrx_word' id='word_1_255' title='bbox 400 1045 461 1057; x_wconf 87' lang='lat' dir='ltr'><strong>sensus</strong></span> <span class='ocrx_word' id='word_1_256' title='bbox 474 1041 582 1061; x_wconf 79' lang='lat' dir='ltr'><strong>desideretur,</strong></span> <span class='ocrx_word' id='word_1_257' title='bbox 601 1043 647 1061; x_wconf 82' lang='lat' dir='ltr'><strong>patet</strong></span> <span class='ocrx_word' id='word_1_258' title='bbox 664 1046 683 1058; x_wconf 72' lang='lat' dir='ltr'><strong>ex</strong></span> <span class='ocrx_word' id='word_1_259' title='bbox 699 1046 722 1057; x_wconf 64' lang='lat' dir='ltr'><strong>se&gt;</strong></span> 
     </span>
    </p>
   </div>
   <div class='ocr_carea' id='block_1_6' title="bbox 198 1103 405 1121">
    <p class='ocr_par' dir='ltr' id='par_1_7' title="bbox 198 1103 405 1121">
     <span class='ocr_line' id='line_1_33' title="bbox 198 1103 405 1121; baseline 0 -4"><span class='ocrx_word' id='word_1_260' title='bbox 198 1104 208 1121; x_wconf 63' lang='grc' dir='ltr'><strong>Ι)</strong></span> <span class='ocrx_word' id='word_1_261' title='bbox 218 1103 288 1121; x_wconf 58' lang='lat' dir='ltr'><strong>Philolog</strong></span> <span class='ocrx_word' id='word_1_262' title='bbox 300 1103 322 1118; x_wconf 86' lang='grc' dir='ltr'><strong>[Χ.</strong></span> <span class='ocrx_word' id='word_1_263' title='bbox 333 1107 365 1121; x_wconf 66' lang='lat' dir='ltr'><strong>pagv</strong></span> <span class='ocrx_word' id='word_1_264' title='bbox 375 1104 405 1117; x_wconf 62' lang='lat' dir='ltr'><strong>ifle.</strong></span> 
     </span>
    </p>
   </div>
  </div>
 </body>
</html>
