777 1263
319 111 430 129 ..13fi

81 161 137 178 tamen
146 165 179 178 non
189 165 263 182 possem,
272 163 291 178 ut
303 167 403 182 quemquam
412 163 494 178 mortuum
503 162 621 181 coniungerem
630 167 667 179 cum

80 189 149 205 deorum
167 189 277 205 inmortalium
295 189 389 208 reiigione*q
413 189 466 207 Quem
481 189 535 205 locum
548 189 561 205 si
574 190 667 205 accuratius

81 215 180 235 inspexeris,
201 215 238 231 mihi
251 215 334 231 concedes
347 215 377 231 illis
390 216 445 231 verbis
457 216 498 231 nihil
508 216 544 232 dico
556 216 584 231 cui
593 220 630 232 cum
642 216 667 232 eis

81 242 142 258 Brutus
153 242 217 261 patriae
230 242 309 258 liberator
322 244 421 262 opponatur,
441 247 458 258 re
473 247 512 258 vera
526 247 559 258 non
573 242 667 262 Caesarem,

81 269 110 284 sed
124 269 212 288 tyrannum
224 269 316 288 significari,
337 269 386 288 Quod
399 270 454 285 autem
467 269 525 285 Cicero
538 273 558 285 eo
570 269 606 285 ioco
619 270 666 289 quasi

81 296 128 311 tectis
141 296 196 311 verbis
211 296 276 315 indicat,
294 296 325 311 hoc
342 296 378 311 loco
395 300 450 311 coram
467 296 544 312 omnibus
562 296 612 312 libere
629 296 667 312 dicit

81 323 130 342 atque
140 322 230 342 profitetur*
244 322 295 338 Etiam
304 322 348 338 aliud
357 322 457 338 monuerim!
467 322 567 342 Exspectare
576 327 667 342 possumus

81 349 131 368 atque
144 349 225 364 debemus
238 349 340 369 Ciceronem,
359 350 376 365 ut
391 349 406 364 in
419 349 474 365 verbis
492 349 542 365 robur
560 350 577 365 et
594 349 667 368 gravitas

81 375 124 395 insit,
133 379 143 391 a
155 375 217 391 minore
230 375 250 391 ad
263 375 316 391 maius
329 376 410 395 progredi,
422 376 470 394 Quod
483 376 531 392 nobis
544 376 667 396 postulantibus

81 403 97 418 et
109 402 245 422 exspectantibus
258 402 339 422 scriptura
351 402 424 418 Vaticani
437 403 503 419 minime
515 403 557 419 satis
571 403 614 423 tacit,
630 407 667 419 cum

81 433 141 444 nomen
154 429 232 445 Caesaris
245 429 337 445 antecedat*
363 429 411 447 Quae
423 433 460 445 curn
473 429 495 445 ita
507 429 540 445 sint
551 430 619 449 tyranni
628 434 667 445 vera

81 456 128 471 lectio
142 457 172 475 est,
188 455 266 471 Caesaris
274 457 300 471 est
307 456 365 474 glossa
373 456 394 471 ad
403 456 470 475 tyranni
476 460 485 471 a
494 456 566 476 quodam
579 456 667 476 interprete

80 482 150 498 adiecta.

136 514 151 529 ln
172 514 230 529 eadem
251 514 355 534 paragrapho
375 514 426 530 altera
443 514 530 530 difficultas
547 515 607 530 exstat.
631 514 666 534 „An

80 541 211 560 supplicationes
231 541 308 556 addendo
324 541 367 557 diem
384 541 491 557 contaminari
508 545 570 560 passus
590 545 613 560 es,
631 541 667 560 pul-

80 568 143 583 vinaria
155 568 266 583 contaminari
276 567 342 583 noluisti
348 568 367 583 ?“

135 599 207 614 Alterum
217 599 342 615 contaminatia
352 599 364 614 D
374 599 457 615 omittitur.
470 598 544 614 Halmius
553 599 570 614 et
578 598 667 614 Muellerus

80 629 139 641 vocem
152 625 237 645 recipiunt,
261 625 335 641 Ciarcius
353 625 412 645 aliique
425 625 534 641 veterioribus
548 625 667 645 praeeuntibus

80 652 168 668 delendam
186 656 224 667 esse
243 653 313 668 censent
331 652 367 668 inde
385 652 448 668 scilicet
465 652 565 668 sententiam
583 656 667 668 commen-

80 679 146 698 dantes,
170 679 214 699 quod
239 679 314 694 eiusdem
337 679 381 694 verbi
411 679 486 698 repetitio
512 679 528 694 in
554 679 608 698 spatio
633 679 667 694 tarn

80 706 142 724 exiguo
155 710 204 721 aures
217 705 294 721 offendat.
307 705 354 724 Quae
367 705 380 720 si
393 709 426 720 una
439 706 464 721 est
476 709 533 724 causa,
546 709 574 720 cur
586 705 615 720 viri
627 705 667 720 doc-

80 732 139 748 tissimi
152 736 209 748 vocem
222 732 292 752 deleant,
302 732 377 752 equidem
391 732 438 751 sequi
451 736 483 747 non
496 736 570 751 possum,
579 736 616 747 cum
625 732 667 747 tales

80 758 168 774 verborum
181 759 276 774 iterationes
289 759 338 774 etiam
350 759 390 778 tum,
406 762 443 774 cum
456 758 514 774 Cicero
527 762 559 774 non
572 762 617 774 more
630 762 668 774 ora-

80 785 122 801 torio
135 785 178 804 dicit,
188 786 202 800 in
215 785 318 801 orationibus
330 785 399 805 aliisque
412 785 477 805 scriptis
490 785 598 801 inveniantur*
615 785 667 801 Cuius

80 812 124 827 modi
137 812 212 832 exempla
225 813 241 827 et
253 812 272 828 C.
282 812 297 828 F.
307 812 331 827 W*
341 812 430 827 Muellerus
443 812 459 827 et
467 811 575 830 Landgrafius
586 811 667 831 permulta

80 839 151 857 collegit*
161 839 173 858 ¹)
197 839 244 857 Quae
256 843 293 854 cum
306 839 328 854 ita
340 838 377 858 sint,
398 838 441 854 aliud
456 842 492 853 mea
505 838 588 854 sententia
600 838 621 854 ad
633 842 667 854 rem

80 865 201 881 diiudicandum
212 866 314 881 momentum
327 865 390 880 adierre
403 865 457 884 debet,
474 864 510 880 dico
529 869 582 883 genus
594 865 641 880 codd.
654 865 667 880 D

79 892 126 907 Talia
139 892 181 907 enim
194 892 248 907 delere
261 896 294 907 non
307 892 333 907 est
344 891 405 910 ingenii
418 891 467 907 huius
481 891 551 907 familiae
560 891 667 911 librariorum,

80 919 136 938 inu-no,
155 923 192 934 cum
213 919 263 934 libros
283 919 376 934 accuratius
396 918 494 938 inspexeris,
517 922 611 937 cognosces
631 918 667 934 illos

80 945 155 961 librarios
168 945 236 961 libenter
248 945 309 965 aliquid
322 945 411 964 addidisse,
420 946 439 961 ut
450 945 521 961 oratoris
532 945 582 961 verba
594 945 668 965 explica-

80 973 121 988 rent⁴
140 972 186 987 Talia
198 972 275 991 exempla
287 972 302 987 in
315 972 358 987 omni
371 972 404 987 iere
417 972 492 987 oratione
505 972 585 992 invenies,
598 973 616 987 ut
627 972 666 987 mihi

80 998 163 1014 concedas
183 999 288 1014 verisimilius
308 1003 347 1014 esse
365 999 380 1014 in
399 999 478 1014 Vaticano
496 998 581 1017 glossema
599 999 667 1014 exstare

80 1029 129 1045 quam
143 1025 158 1041 in
171 1025 184 1041 D
197 1029 254 1041 vocem
269 1025 304 1041 sive
319 1029 359 1041 casu
376 1025 479 1041 intercidisse
497 1025 533 1041 sive
551 1025 571 1041 de
589 1025 667 1041 consulto

79 1052 151 1068 deletam
164 1056 207 1067 esse,

134 1109 145 1127 ¹)
155 1109 176 1123 Ad
186 1110 222 1124 orat,
232 1113 251 1127 pr⁴
262 1109 296 1123 Sex.
307 1109 350 1123 Rosc⁴
361 1109 392 1123 Am⁴
402 1109 411 1127 ξ
420 1109 442 1123 99.
