777 1263
283 108 394 124 -65-

40 156 150 175 dignationis,
163 156 212 175 Quod
224 161 263 172 num
276 161 305 176 per
314 156 360 175 leges
368 157 484 175 grammaticas
493 156 546 176 liceat,
555 156 631 176 equidem

40 183 107 199 dubito.
113 183 168 201 Quid?
177 187 232 199 nonne
239 183 324 199 Ciceronis
333 187 388 199 sermo
397 184 474 203 quartum
482 187 540 199 casum
547 183 632 203 postulat?

40 214 76 225 non
95 209 150 225 verbis
168 209 233 225 insertis
252 209 355 229 perpetuitas
372 209 467 229 flumenque
485 210 564 225 orationis
582 210 632 225 inter-

40 236 138 256 rumpitur?
162 236 205 254 Quid
217 236 255 251 talis
268 236 366 252 exclamatio
379 236 409 252 sibi
423 236 462 256 vuit,
480 240 516 252 cum
535 236 632 256 praesertim

40 262 108 282 Cicero,
122 264 139 278 ut
152 263 217 278 Asconii
231 263 286 278 verbis
298 264 340 283 utar,
358 263 389 279 hoc
402 263 438 279 loco
451 267 483 278 non
497 263 569 279 oratorio
581 267 632 283 more,

41 290 73 305 sed
87 293 133 305 more
146 289 225 305 historico
238 289 293 305 dicat>
317 289 374 309 Neque
387 291 447 309 tamen,
465 290 510 310 quod
527 290 632 306 Eberhardus

41 316 138 336 proposuit,
148 316 251 339 probandum
264 316 290 336 sit,
305 321 341 332 cum
354 317 405 332 verba
418 316 444 332 illa
456 316 540 335 glossema
554 317 574 332 ad
586 317 632 333 leno-

41 343 94 358 nibus
106 347 139 359 non
153 343 192 362 sint;
209 344 253 359 certe
270 343 313 359 enim
328 343 413 362 glossator
425 343 513 359 comitibus
525 344 632 363 nequissimis

42 370 146 389 scripsisset*

99 401 165 419 Quibus
177 401 197 417 de
210 401 266 417 causis
282 401 336 417 tacere
353 405 385 417 non
404 405 479 421 possum,
496 401 536 421 quin
554 402 632 418 maiorem

43 428 122 443 lacunam
135 428 213 447 statuam,
232 432 275 448 quae
288 428 345 443 nescio
358 432 378 443 an
391 428 435 444 hunc
447 428 480 444 tere
493 428 509 443 in
522 428 589 445 modum
602 433 632 444 ex«

42 455 105 474 plenda
118 455 140 470 sit
152 455 266 474 „sequebatur
278 455 328 470 raeda
345 459 382 470 cum
400 455 497 474 lenonibus;
514 455 584 471 comites
602 460 631 471 ne-

42 481 120 501 quissimi
138 481 162 502 <in
178 481 231 500 sellis;
247 481 271 497 ad
287 480 345 502 finem>
360 481 421 497 reiecta
436 483 488 497 mater
500 486 514 497 e⁴
524 486 539 502 q⁴
549 483 574 497 s.“
591 482 632 498 Vide

43 508 94 528 enim,
115 512 158 528 quae
179 508 237 524 Cicero
257 508 278 524 de
298 508 356 524 eadem
377 513 394 524 re
414 508 435 524 ad
453 508 500 524 Attic.
517 509 536 524 X⁴
554 509 587 530 10⁵
605 509 633 525 det

43 535 163 555 „Cytheridem
176 539 233 551 secum
246 535 303 550 lectica
319 536 375 554 aperta
393 536 453 554 portat,
470 535 539 551 alteram
556 539 632 555 uxorem;

43 562 110 581 septem
128 562 213 581 praeterea
231 561 329 577 coniunctae
347 562 414 577 lecticae
431 562 526 581 amicarum,
547 566 576 578 eae
594 563 633 578 sunt

43 588 153 604 amicorum.“

253 641 309 661 Orat.
320 641 338 660 ll.
355 643 364 666 ἓ
381 642 424 661 106.

99 695 182 711 Antonius
194 695 255 711 multos
274 695 310 711 dies
328 695 343 711 in
361 695 398 711 villa
410 695 489 711 Varronis
506 696 632 716 perbacchatus,

44 723 115 738 Romam
132 722 245 742 proficiscitur.
270 722 290 738 Ut
308 726 351 742 eumy
369 723 454 742 tamquam
472 723 486 738 si
505 723 551 738 esset
568 723 632 742 consul,

44 749 143 768 salutarent,
161 749 269 768 municipales
287 749 300 765 ei
318 749 384 765 obviam
397 751 520 769 processerunt
534 753 582 769 „cum
595 749 633 765 inde

45 776 115 792 Romam
128 776 236 795 proficiscens
249 776 269 791 ad
282 776 365 796 Aquinum
377 776 470 795 accederet,
489 776 555 792 obviam
568 776 582 792 ei
595 780 633 796 pro-

44 803 101 822 cessit,
119 804 138 818 ut
150 803 176 818 est
188 802 267 822 frequens
280 803 391 822 municipium,
413 807 473 822 magna
485 807 527 818 sane
540 803 633 819 multitudo.

45 830 66 845 At
78 830 109 845 iste
126 830 185 849 operta
199 830 257 845 lectica
274 830 317 845 latus
335 834 364 849 per
380 830 459 849 oppidum
477 831 502 846 est
519 831 537 845 ut
552 831 632 846 mortuus.

45 857 99 872 Stulte
112 856 214 876 Aquinates:
227 856 257 872 sed
270 857 325 872 tamen
339 857 354 872 in
367 857 393 872 via
406 856 507 872 habitabant.
521 856 564 875 Quid
577 857 633 875 Anag-

46 883 91 899 nini?
104 883 142 902 Qui,
149 887 186 899 cum
199 884 257 899 essent
269 883 317 903 devii,
327 883 455 902 descenderunt,
464 884 482 899 ut
494 887 537 903 eum,
546 885 631 903 tamquam

46 911 59 926 si
73 911 119 926 esset
132 910 195 930 consul,
205 910 301 926 salutarent.
322 910 417 926 lncredibile
430 910 479 929 dictu,
492 910 524 926 sed
534 914 572 925 cum
586 910 634 925 vinus

46 937 76 956 (sic
85 937 103 956 V;
116 938 133 953 et
144 936 195 952 simul
206 937 240 952 um]
252 937 308 952 cinus:
319 937 366 953 codd⁴
379 941 395 955 c;
411 937 427 952 el
438 936 556 952 sermulcinus:
568 937 604 952 cod⁴
617 937 631 956 t;

46 963 103 979 simul.-
119 964 155 979 cod.
169 964 186 983 n)
203 964 245 979 inter
257 964 311 979 omnis
324 964 418 983 constabat,
435 963 517 979 neminem
535 968 574 979 esse
587 968 633 979 resa-

47 990 116 1006 lutatum
129 995 144 1006 e,
153 995 168 1010 q.
178 991 202 1006 s.“

99 1022 147 1041 Cum,
156 1026 199 1042 quae
209 1022 224 1037 in
237 1022 282 1037 libris
295 1023 339 1041 sunt,
348 1026 417 1037 sensum
431 1026 463 1037 non
473 1021 569 1041 praebeant*
578 1021 632 1037 locum

47 1049 201 1069 desperatissimum
214 1049 312 1068 interpretes
325 1049 424 1068 saepissime
437 1049 554 1064 tractaverunt⁴
575 1048 632 1067 ltaque

47 1077 135 1095 antequam
148 1075 184 1095 ipse
197 1075 257 1095 aliquid
271 1079 336 1095 ponam,
349 1075 406 1091 leviter
419 1075 534 1096 perstringam,
547 1079 590 1094 quae
604 1074 633 1090 ad-

47 1102 77 1118 huc
90 1102 118 1118 viri
134 1102 177 1118 docti
193 1103 320 1122 proposuerunt.
345 1102 437 1120 Madvigius
449 1101 529 1117 Vaticano
541 1105 559 1117 se
574 1101 633 1117 adiun-
