777 1263
355 285 447 320 Caput
467 286 500 313 111.

187 429 218 445 lam
231 430 269 445 mihi
284 430 387 450 propositum
405 431 436 450 est,
453 431 471 446 ut
488 430 508 446 de
525 430 609 446 nonnullis
627 430 718 446 orationum

133 456 178 476 locis,
191 461 234 476 quos
246 457 347 477 depravatos
359 461 398 473 esse
411 458 439 473 aut
452 461 510 473 omnes
523 457 617 473 concedunt
629 458 658 473 aut
673 457 718 477 equi-

133 483 170 499 dem
183 483 231 499 solus
248 484 293 503 puto,
310 484 404 499 accuratius
423 488 511 504 exponam,
528 488 561 503 qua
574 484 637 499 ratione
652 484 718 499 arbitrer

133 510 214 526 medelam
227 514 278 530 posse
291 510 348 526 afferri⁴
362 510 395 526 Sed
408 510 423 526 in
436 510 467 526 hac
480 511 525 530 parte
538 510 662 526 dissertationis
673 514 718 526 meae

133 540 187 556 pauca
199 541 307 556 praemonere
320 537 357 552 rnihi
371 537 424 552 liceat*
438 537 516 557 Equidem
526 541 558 553 non
568 537 626 556 ignoro
635 537 718 556 eleganter

133 563 208 579 conicere
220 564 237 579 et
249 563 337 579 emendare
350 563 421 579 hominis
434 568 472 579 esse
485 565 501 580 et
513 564 642 583 ingeniosissimi
655 565 672 580 et
684 568 718 580 om-

133 590 159 605 nis
171 590 239 607 rationis
252 590 382 610 disciplinaeque
395 591 494 613 peritissimi
512 591 561 609 Quod
574 591 587 606 si
600 591 651 606 nihilo
664 591 717 607 minus

134 616 195 636 aliquid
208 621 270 636 ponere
283 617 308 633 vel
321 618 395 633 statuere
408 621 460 633 ausus
473 622 515 637 sum,
527 617 565 633 illud
578 618 598 633 M.
609 618 668 637 Haupti
682 617 717 633 mihi

133 643 148 659 in
166 644 239 659 mentem
256 644 302 659 venit
319 644 372 659 maius
390 648 428 660 esse
445 644 496 660 verba
513 645 598 664 scriptoris
617 644 717 664 interpretari

133 674 182 690 quam
195 670 252 686 nescio
267 674 301 690 quo
319 675 359 686 casu
377 671 392 686 in
411 671 482 691 aliquam
500 671 593 690 elegantem
612 671 717 687 mutationem

133 697 180 717 quasi
194 697 270 713 incidere.
378 695 380 697 ’

187 724 219 740 iam
232 724 314 744 quosdam
327 724 373 740 locos
385 725 486 740 tractemus!

350 799 406 819 Orat.
417 799 428 819 1.
444 801 454 824 ξ
469 799 500 819 35.

187 853 219 869 Res
232 853 317 872 postulare
331 853 400 873 videtur,
413 855 430 869 ut
443 854 495 869 totum
508 850 568 873 l'ocum,
583 854 637 874 qualis
651 854 666 869 in
679 854 692 870 V
703 855 717 869 et

133 880 148 895 in
162 880 175 895 D
188 881 219 899 est,
232 884 350 899 proponamus*

258 911 272 926 V
582 912 595 927 D

133 946 184 962 quare
198 942 246 958 flecte
262 943 283 962 te,
298 946 368 962 quaeso,
383 943 400 958 et
454 947 505 963 quare
522 943 569 959 flecte
584 944 606 963 te,
621 947 691 963 quaeso,
703 944 717 959 et

133 969 204 985 maiores
219 970 257 985 tuos
273 969 336 989 respice
349 970 399 989 atque
454 970 526 985 maiores
538 971 577 985 tuos
593 970 657 989 respice
670 971 716 990 atque

133 996 155 1011 ita
163 996 237 1015 guberna
246 1000 280 1012 rern
289 996 375 1016 publicam,
382 997 400 1012 ut
455 997 477 1012 ita
489 997 563 1015 guberna
581 1001 614 1012 rem
632 996 716 1016 publicam,

133 1023 189 1038 natum
201 1027 240 1038 esse
249 1024 265 1038 te
274 1023 318 1039 cives
327 1023 349 1039 tui
358 1027 400 1042 gau-
455 1024 473 1039 ut
485 1024 541 1039 natum
554 1027 592 1039 esse
605 1024 621 1039 te
637 1023 682 1039 cives
696 1023 715 1039 tui

133 1049 190 1065 deant:
203 1050 239 1065 sine
252 1054 284 1069 quo
297 1054 327 1065 nec
340 1050 400 1065 beatus
455 1050 546 1069 gaudeant:
556 1050 591 1065 sine
604 1054 637 1070 quo
650 1054 681 1065 nec
691 1050 716 1066 be-

133 1080 162 1092 nec
175 1075 229 1092 clatus
239 1081 271 1092 nec
282 1077 342 1092 unctus
355 1077 400 1096 quis-
455 1078 493 1092 atus
508 1081 538 1092 net
553 1076 607 1093 clarus
621 1081 659 1093 esse
676 1077 716 1098 quis-

133 1107 183 1123 quam
197 1107 235 1119 esse
251 1103 298 1119 omni
310 1104 400 1123 potestate,
455 1108 505 1123 quam
514 1104 576 1123 potest⁴
