777 1263
361 87 462 102 -8-

225 135 275 155 Epist⁴
283 135 303 151 ad
311 135 353 151 Fam.
363 136 382 151 Χ,
392 136 407 151 ὁ,
416 136 425 151 3
440 135 545 155 „complures
554 135 569 151 in
581 136 709 155 perturbatione

172 162 195 178 rei
214 162 288 182 publicae
307 162 385 178 consules
404 162 447 182 dicti,
464 166 534 182 quorum
552 166 600 178 nemo
612 162 710 178 consularis

172 189 243 208 habitus,
250 189 281 204 nisi
288 189 315 209 qui
323 189 377 204 animo
384 189 468 204 exstititin
475 193 508 204 rem
517 189 599 208 publicam
608 189 711 204 consulati?¹

226 220 253 235 Or.
266 220 281 235 in
295 220 326 236 Pisi
339 220 349 240 ξ
361 220 382 235 10
400 224 432 240 „an
444 221 500 240 potest
512 220 545 236 ulla
562 224 600 236 esse
619 220 709 236 excusatio

172 251 205 262 non
218 247 271 262 dicam
284 246 325 262 male
338 247 421 266 sentienti,
434 246 464 262 sed
477 246 546 266 sedenti,
561 247 649 266 cunctanti,
667 246 709 262 dor-

172 273 227 289 mienti
241 273 255 288 in
269 273 340 289 maximo
353 273 375 289 rei
388 273 463 293 publicae
476 274 521 289 motu
531 286 534 289 .
544 286 547 289 ,
557 286 559 289 .
569 273 656 289 εοηδυΙι·Ρ”

173 305 205 320 lam
214 309 235 320 ex
243 304 309 320 duobus
322 304 403 324 exemplis
415 304 468 320 allatis
480 308 573 323 cognosces
584 304 599 319 in
612 304 638 319 illa
646 308 708 324 quam-

118 331 143 347 vis
156 331 222 347 insolita
234 331 343 346 collocatione
355 331 443 347 verborum
455 335 521 346 omnem
530 331 562 346 vim
574 331 707 351 gravitatemque

119 357 198 373 orationis
211 357 272 373 inesse.

336 410 392 430 Orat.
403 410 415 429 l.
430 411 440 435 ξ
456 410 486 429 31.

172 464 219 483 Quae
236 465 275 484 post
292 464 344 484 ipsam
361 464 439 480 Caesaris
457 466 525 480 mortem
538 464 600 480 Romae
612 464 655 480 facta
667 464 706 484 sint,

119 491 177 507 Cicero
190 491 271 510 significat
284 491 328 507 hisce
342 491 396 506 verbis

173 522 208 542 „Tu
221 523 281 542 autem,
294 522 315 537 ΜΔ
328 522 387 538 Antoni
400 522 494 542 (absentem
507 523 549 538 enim
562 522 634 542 appello)
654 527 706 538 unum

119 549 163 565 illum
176 549 224 568 diem,
241 553 275 568 quo
288 549 302 564 in
316 549 357 564 aede
370 549 441 565 Telluris
453 550 523 565 senatus
535 549 570 569 tuit,
583 553 615 565 non
628 549 706 565 omnibus

119 576 144 591 his
157 575 247 595 mensibus,
263 575 324 595 quibus
336 576 352 591 te
365 576 431 595 quidam
444 576 512 591 multum
526 580 535 591 a
547 580 573 591 me
586 576 706 591 dissentientes

119 602 186 618 beatum
199 603 262 621 putant,
275 602 377 621 anteponis?
401 602 448 620 Quae
460 602 489 617 luit
506 602 558 618 oratio
574 602 594 618 de
607 602 706 618 concordia!

119 629 186 647 Quanto
198 630 248 648 metu,
265 629 327 648 quanta
339 628 448 644 sollicitudine
461 629 518 644 civitas
531 630 565 644 tum
577 633 587 644 a
604 630 620 644 te
636 629 706 645 liberata

119 657 150 675 est,
158 660 194 671 cum
202 655 281 674 collegam
289 656 335 671 tuum
342 656 423 675 depositis
430 656 517 671 inimicitiis
524 656 585 671 oblitus
592 656 705 675 auspiciorum

119 687 129 698 a
141 683 157 698 te
171 682 206 702 ipso
219 686 282 701 augure
295 682 350 702 populi
360 682 428 698 Romani
441 683 552 698 nuntiatorum
566 682 591 698 illo
601 683 669 702 primum
679 682 705 698 die

119 709 205 727 conlegam
218 709 246 724 tibi
259 713 297 724 esse
310 709 386 728 voluisti;
399 710 439 724 tuus
451 713 512 728 parvus
525 709 568 725 iilius
581 710 595 724 in
605 709 705 729 Capitolium

119 740 129 751 a
141 737 157 751 te
169 736 231 751 missus
244 736 289 755 pacis
302 736 352 751 obses
365 736 410 751 suits*

173 767 199 783 Sic
212 771 270 782 omnes
283 767 383 782 recentiores
396 767 468 783 editores
481 767 528 783 scribi
542 767 603 783 iubent.
627 767 660 783 Sed
673 767 705 783 iam

120 794 194 809 Muretus
207 793 301 809 humanista
313 795 330 809 et
342 794 380 813 post
393 798 430 809 eurn
448 793 519 809 Orellius
536 794 618 809 sentiebat
635 794 705 809 lectione

119 820 193 836 Vaticani
212 824 261 840 „cum
274 820 354 839 collegam
367 821 414 836 mum
426 833 429 836 .
439 832 455 836 l.
468 820 546 836 voluisti“
559 821 624 840 recepta
637 821 705 836 senten-

119 847 178 862 tiarum
191 847 331 863 continuationem
344 847 392 862 nimis
405 847 470 866 longam
483 847 522 862 fieri*
546 847 594 866 Quod
607 848 662 863 autern
675 852 706 863 ex-

119 874 215 893 spectamus
228 878 260 889 non
270 875 296 889 est
305 874 389 893 periodus,
399 874 428 889 sed
442 878 501 889 cursus
514 874 601 889 verborum
614 874 706 890 sententia-

119 905 188 920 rumque
202 901 289 920 primarum
298 900 423 920 consequentiav
437 901 490 920 Atque
499 900 520 916 ad
529 900 544 916 id
553 901 614 920 optime
623 901 705 920 convenit,

120 927 164 947 quod
178 927 192 942 in
206 927 289 943 nonnullis
301 928 329 943 aut
344 927 399 946 potius
418 927 433 942 in
450 927 527 942 omnibus
544 927 588 942 libris
604 927 674 943 familiae
692 928 705 943 D

120 954 194 973 exstat‘)
207 954 237 973 „iu
254 954 334 972 collegam
347 966 350 969 .
364 966 367 969 ,
381 966 383 969 ,
397 954 480 969 voluistlf‘
504 953 592 972 Quomodo
607 954 650 969 enim
666 958 705 969 sen-

120 980 181 996 tentiae
194 980 280 996 decurrere
293 980 370 999 debeant,
382 981 427 1000 patet
440 985 460 996 ex
473 980 558 996 simillimis
571 980 615 996 locis.
629 980 659 996 Cui
672 985 705 996 non

120 1007 163 1023 illius
175 1007 275 1023 laudationis
288 1007 402 1027 philosophiae
415 1007 430 1022 in
448 1008 519 1022 mentem
536 1007 585 1026 venit,
603 1007 638 1023 dico
655 1007 705 1023 Tusci

121 1034 165 1053 Disp.
179 1034 197 1053 V,
210 1034 219 1049 5
232 1038 252 1053 „o
266 1034 308 1049 vitae
321 1034 425 1053 philosophia
442 1034 481 1053 dux,
505 1038 515 1049 o
532 1034 596 1049 virtutis
613 1034 705 1053 indagatrix

174 1082 185 1099 ¹)
196 1083 227 1096 tum
237 1082 315 1099 collegam:
325 1082 339 1099 t;
349 1083 366 1095 tu
375 1081 454 1099 collegam:
464 1085 481 1099 c;
491 1082 534 1096 tuum
544 1082 623 1100 collegam:
633 1082 651 1096 ln.
