777 1263
304 102 414 117 -19—

283 162 339 183 Orat.
350 163 377 183 lV⁴
393 165 402 188 ξ
419 164 435 182 1.

119 213 142 229 Ex
158 213 237 229 Vaticano
256 212 309 228 editur
332 213 441 233 „Frequentia
458 214 531 229 vestrum
548 213 652 233 incredibilis,

64 240 143 259 Quirites,
160 240 248 259 contioque
261 240 312 259 tanta,
328 240 407 259 quantam
425 240 520 255 meminisse
539 244 572 255 non
589 240 652 259 videor,

64 267 82 282 et
94 267 195 282 alacritatem
208 266 246 282 mihi
259 270 340 282 summam
349 265 463 282 detendendae
475 266 497 282 rei
512 266 587 286 publicae
600 266 653 282 adfert

64 294 82 309 et
94 297 141 313 spern
154 293 294 313 recuperandae⁴‘⁴

119 324 152 340 Sed
166 324 205 344 quid
223 325 249 340 est
265 324 318 340 lenius
335 328 385 344 quam
403 324 481 344 scribere,
498 325 516 340 ut
529 324 544 340 in
557 324 570 340 D
582 324 652 340 traditur

64 355 123 371 „spem
136 350 258 371 recuperandae
271 350 368 366 libertati-ss*
380 350 420 366 Nam
432 351 518 367 Ciceronis
530 351 614 371 proprium
626 352 653 367 est

64 378 80 393 in
93 378 154 393 talibus
166 377 254 393 sententiis
267 378 315 397 quasi
328 377 372 397 eniti,
387 379 405 393 ut
417 378 470 393 oratio
482 378 505 394 sic
518 378 613 394 constructa
625 378 652 398 sit,

64 405 83 420 ut
95 409 124 424 par
137 404 170 424 pari
184 404 263 420 reddatur
275 404 300 420 vel
313 404 418 424 respondeat⁴
431 405 475 420 Satis
488 404 518 420 erit
530 404 563 420 duo
576 404 652 424 exempla

64 431 148 451 proferre:
165 435 189 447 or.
201 431 241 446 Phili
254 431 272 446 Vt
285 431 295 451 ξ
308 431 314 446 1
329 435 373 451 „non
386 431 436 447 modo
452 431 511 447 salutis
523 431 652 452 conservandae

64 462 122 474 verum
135 458 184 474 etiam
196 458 281 477 dignitatis
293 458 371 477 pristinae
384 457 516 477 recrlverandaes‘
530 458 554 473 De
567 458 605 477 Legi
615 458 652 477 Agr.

65 485 75 501 Ι.
84 485 94 505 ς
105 485 125 500 17
138 486 172 505 „ut,
181 489 218 500 curn
230 485 282 500 totam
295 484 356 500 ltaliam
364 484 442 500 militibus
451 484 486 500 suis
495 484 595 504 occuparint,
605 484 653 500 nohis

64 516 98 527 nun
118 511 167 527 modo
185 511 269 531 dignitatis
288 511 386 531 retinendae,
404 511 434 527 sed
452 515 472 527 ne
490 510 571 527 libertatis
586 511 653 531 quidem

64 538 187 558 recuperandae
198 542 238 558 spes
250 537 369 558 relinquaturfl

286 608 342 628 Orat.
353 608 373 628 V.
389 610 399 633 ξ
414 609 432 628 ό.

120 658 194 675 Clarcius
207 659 230 674 sic
243 658 294 674 edidit
306 659 375 679 „agitur,
388 659 442 674 utrum
461 658 482 674 M.
495 658 566 674 Antonio
583 658 653 674 facultas

65 686 114 702 detur
134 685 251 705 opprimendae
264 686 286 701 rei
299 685 380 705 publicae,
400 685 456 701 caedis
468 685 553 701 faciendae
566 685 653 705 bonorum,

65 713 117 732 urbis,
126 716 202 731 agrorum
212 713 247 728 suis
256 712 347 728 latronibus
356 712 466 732 condonandi,
474 712 552 732 populum
561 712 653 728 Romanurn

65 739 146 755 servitute
159 739 267 759 opprimendi,
279 743 300 755 an
313 739 371 755 horum
383 739 398 755 ei
410 739 464 764 tacere
478 739 517 755 nihil
530 739 594 755 liceat.“

119 770 157 789 Quo
170 770 206 786 loco
219 771 274 786 exstat
287 769 373 786 diiiicultas
385 770 445 786 summi
454 770 532 786 momenti
541 774 561 786 ac
570 770 653 790 ponderis.

65 797 161 816 Videamus,
175 796 215 816 quid
227 796 293 812 codices
306 796 400 813 exhibeant.
424 797 515 813 Vaticanus
530 797 589 813 tradit:
608 796 655 813 urbis

65 823 177 839 emendorum
192 827 271 843 agromm
287 823 394 839 condonandi
407 823 459 844 [urbis
474 827 524 839 emen
538 828 561 844 m¹
574 824 589 839 in
604 824 653 844 ras<];

144 860 150 866 ,
289 849 410 867 dlrspiendorum

66 868 90 884 D:
106 868 227 887 eripiendorum
242 868 263 888 (12
277 868 428 888 deprimendomm)
444 867 491 884 urbis
508 872 591 888 agi-amm.
609 868 654 884 Vati>

66 895 102 911 cani
115 895 202 911 lectionem
214 894 279 911 defendi
292 899 325 910 non
337 899 388 915 posse
401 895 443 911 inter
455 899 513 911 omnes
526 895 599 911 editores
614 899 654 911 con-

66 922 104 938 stat⁴
122 922 195 937 Halmius
208 922 278 937 coniecit
292 921 337 938 urbis
349 922 449 941 firmiendae
460 922 486 938 vel
497 922 542 938 urbis
552 922 653 942 partiendae,

66 949 111 969 quod
128 948 201 964 editores
218 948 319 964 recentiores
336 952 413 967 magnam
430 949 492 968 partem
510 950 609 968 receperunt
623 949 654 968 (sic

66 975 146 995 Klotzius,
159 975 248 991 Muellerus
261 975 299 995 alii.)
317 975 350 991 Sed
363 976 407 991 recte
420 975 497 991 Clarcius
508 976 564 991 monet
570 975 583 995 ¹)
595 975 654 995 „these

66 1002 94 1013 are
103 997 166 1013 violent
174 998 305 1013 emendations.“
318 997 367 1017 Idem,
376 998 394 1013 ut
402 998 472 1013 oratoris
481 998 532 1013 verba
540 998 653 1017 restituantur,

66 1024 115 1040 aliam
128 1024 170 1040 viam
183 1024 257 1040 instituit.
267 1024 375 1040 Ratiocinatio
387 1024 478 1040 doctissimi
491 1024 520 1040 viri
533 1024 574 1040 haec
586 1024 619 1040 tere
628 1025 654 1039 est

66 1050 118 1072 „urbs
130 1052 147 1066 et
158 1051 195 1070 agri
209 1051 242 1066 tarn
259 1051 293 1066 arte
311 1051 353 1067 inter
369 1055 387 1067 se
405 1051 492 1067 coniuncta
509 1052 553 1071 sunt,
569 1052 587 1067 ut
604 1051 654 1067 verba

122 1099 132 1116 ¹)
143 1098 165 1113 Cl.
175 1099 211 1113 Rev,
220 1099 260 1113 1900.
270 1103 302 1117 pag.
312 1099 343 1114 405⁴
