777 1263
366 93 477 109 -52-

342 153 399 174 Orat.
410 154 429 173 11.
445 155 455 179 g
471 154 501 174 19.

182 208 240 224 Cicero
253 208 325 224 Antonio
342 208 428 224 stultitiam
446 209 462 224 et
480 208 569 224 amentiam
588 208 639 224 obicit
655 209 709 229 (§1ss],

128 235 173 255 quia,
191 234 236 255 quod
253 235 318 254 proprie
336 239 385 251 suum
403 235 429 255 sit,
447 235 543 255 laudaverit,
561 235 607 255 quod
625 236 677 251 totum
693 235 711 251 sit

129 262 204 281 senatus,
217 261 346 281 reprehenderit.
363 261 406 277 Tum
415 262 468 281 pergit
480 262 533 281 „haec
541 263 559 278 tu
568 266 602 278 non
611 263 678 281 propter
685 266 711 277 au-

129 288 192 304 daciam
210 288 250 303 dicis
268 289 301 303 tarn
317 288 428 308 impudentur,
443 288 473 304 sed
486 288 525 308 quia
537 289 567 308 (sie
576 288 611 307 Vc;
625 288 662 308 qui:
672 288 693 304 ln
701 289 711 308 t)

129 315 192 330 tantam
205 319 258 330 rerum
272 315 398 334 repugnantiam
407 319 440 331 non
451 315 515 333 videas:
523 315 562 331 nihil
572 315 646 335 profecto
655 315 711 335 sapiS.“

183 346 225 361 Inter
237 345 314 361 homines
330 346 436 362 doctissimos
453 350 513 365 magna
531 347 557 362 est
573 346 614 366 rixa,
633 346 711 366 quomodo

129 372 200 388 oratoris
215 372 266 388 verba
283 372 386 388 restituenda
401 372 438 388 sint.
463 373 492 388 Alii
506 373 554 392 enirn,
567 373 646 392 quoniam
660 373 674 388 in
686 372 711 388 hac

129 398 237 415 affirmatione
254 399 359 415 coniunctivo
378 399 425 415 locus
442 403 475 415 non
492 399 518 419 sit,
536 399 621 418 corrigunt
634 399 689 415 videas
699 399 711 414 in

131 425 181 441 vides.
201 425 285 445 (Madvigr,
298 426 345 445 Nohl,
358 426 438 446 Clarcius,
451 426 565 442 Wernsdoriio
577 426 659 446 auctore.)
679 426 711 441 Hal-

130 452 172 468 mius
191 453 207 468 et
225 452 315 468 Muellerus
332 452 454 468 coniunctivum
471 452 567 472 deffendunt,
585 452 616 468 nisi
633 452 678 472 quod
694 452 712 468 ita

130 479 171 495 inter
183 483 202 495 se
214 479 320 498 dissentiunt,
329 480 347 495 ut
355 479 396 495 alter
406 479 509 498 Heus-,ingero
519 480 610 499 praeeunte
619 479 713 495 lectionibus

130 506 177 521 codd.
190 506 282 521 coniunctis
300 506 323 521 sit
341 506 379 521 edat
396 506 438 525 „sed
454 506 497 525 quia,
515 506 544 525 qui
555 518 558 521 ⁴
571 518 575 521 .
588 518 591 521 .
606 506 664 521 videas
679 505 713 521 nihil

130 532 203 552 profecto
221 533 284 552 sapis,“
302 532 343 548 alter
361 533 409 548 codd,
428 533 466 548 ln-t
486 533 571 552 sequatur⁴
596 532 626 548 Alii
646 532 713 552 denique

130 559 341 579 (Koch-Eberhardlverba
352 559 394 575 nihil
403 559 479 578 profecto
486 559 533 579 sapis
541 560 558 574 ut
567 559 652 579 superflua
663 559 713 574 delere

130 585 193 601 malunt
201 585 388 605 adnotantethDiese
395 586 451 602 Worte
460 587 516 601 sthren
525 586 557 601 den
566 585 714 604 Zusamrnenhang,

129 612 151 628 da
163 613 183 628 irn
196 612 284 631 folgenden
298 613 340 628 eben
356 612 385 628 der
397 612 521 633 Widerspruch,
534 612 566 628 den
579 612 662 628 Antonius
675 612 715 628 nicht

129 639 240 659 wahrnirnrnt,
253 639 382 658 nachgewiesen
395 639 453 655 wirdf‘
472 640 526 658 Quern
539 639 644 659 sequamur?
665 640 715 659 Atque

130 666 199 686 primurn
212 666 279 686 quidem
293 670 326 682 non
339 661 425 686 habemus,
438 660 467 682 cur
478 666 534 681 thesin
542 666 666 685 nihilpmfecto
674 665 716 685 sapis

130 693 233 712 eximamus;
246 693 295 708 immo
308 693 323 708 in
336 692 362 708 his
375 693 430 712 verbis
443 693 496 708 omnis
505 693 530 708 vis
539 694 589 715 atque
598 693 673 711 gravitas
682 696 716 708 ora-

130 720 180 735 tionis
193 720 240 735 inest.
265 719 322 739 Neque
335 718 410 735 Clarcius
423 719 520 739 sequendus
533 720 566 738 est;
582 723 619 735 nam
632 720 649 735 et
663 719 717 735 videas

130 746 191 762 certius
203 746 280 762 traditum
293 747 324 766 est,
334 750 383 766 quam
396 747 414 762 ut
426 746 441 761 in
454 750 495 762 voce
508 746 569 766 aliquid
582 746 680 762 mutandum
692 746 716 765 sit,

130 774 146 789 et
158 773 228 789 lectione
241 773 291 793 quia.
301 786 304 789 .
314 786 317 789 .
327 773 374 789 vides
385 774 457 793 recepta,
474 777 511 788 cum
524 774 623 792 argumenta
635 773 685 793 quasi
697 777 717 788 ex

130 800 180 816 rebus
187 800 260 816 externis
268 801 359 820 sumantur,
364 800 438 819 cogimur
443 804 517 819 sequens
525 800 629 815 enuntiatum
636 800 717 819 nihilpro-

129 827 174 843 secto
179 827 225 846 sapis
231 827 314 846 divellere,
322 827 337 842 id
344 827 389 847 quod
396 831 454 846 parum
461 827 563 842 conveniens
572 831 611 842 esse
620 827 717 846 putaverim.

130 854 177 873 Quae
186 858 223 870 curn
232 854 253 869 ita
263 854 300 873 sint,
309 854 346 869 ferri
355 855 432 873 possunt,
440 858 483 873 quae
494 854 511 869 et
520 854 593 869 Halmius
602 854 619 869 et
628 854 718 870 Muellerus

130 881 186 900 edidit,
195 881 226 896 nisi
235 880 279 896 aliud
288 880 423 900 anteponendum
436 881 461 896 sit.
475 880 505 896 vix
518 884 561 900 opus
574 881 604 896 erit
616 880 631 896 id
645 884 717 900 rnonere,

130 912 180 928 quam
189 911 240 927 saepe
249 907 265 923 in
274 907 319 923 libris
328 907 389 923 nostris
398 911 449 923 voces
458 907 496 927 quia
508 908 524 923 et
537 907 566 927 qui
577 908 593 923 et
602 912 640 923 cum
649 907 692 923 inter
699 911 717 923 se

130 934 256 950 confundantur.
277 934 330 953 Quam
343 934 364 950 ob
377 938 411 949 rern
424 934 500 954 equidem
513 938 610 954 proponam,
623 935 642 950 ut
654 934 718 953 legatur

131 961 183 981 „haec
191 962 208 976 tu
218 965 250 976 non
259 962 327 980 propter
335 961 421 976 audaciam
430 960 471 976 dicis
479 961 512 976 tam
522 960 631 980 impudenter,
637 961 674 980 sed,
681 964 718 976 cum

130 988 193 1003 tantam
205 991 258 1003 rerum
272 987 386 1007 repugnatiam
399 991 431 1003 non
444 987 504 1007 videas
517 987 556 1002 nihil
569 987 642 1007 profecto
656 987 716 1007 sapis.“

131 1014 269 1034 Exspectaremus
284 1014 327 1029 enim
339 1013 371 1030 sed
381 1014 420 1033 qula
431 1013 473 1029 1717117
482 1014 532 1033 sapis⁴
557 1013 590 1029 Sed
607 1018 644 1030 curn
659 1014 716 1030 Cicero

131 1041 173 1056 hanc
193 1041 246 1056 thesin
267 1041 369 1059 argumentis
389 1040 453 1056 firmare
472 1041 573 1060 graviusque
588 1041 661 1061 prolerre
674 1041 715 1060 velit,

185 1088 196 1106 ¹)
206 1088 231 1103 Ed.
242 1088 258 1103 ili
270 1092 302 1106 pag.
312 1088 333 1103 5³.
