777 1263
302 121 412 137 —21-—

119 170 166 188 Quas
177 175 211 186 ηοη
222 170 294 186 faciebat
310 175 368 186 omnes
386 170 458 187 editores
478 175 488 186 a
506 170 566 186 Carolo
587 171 650 186 Halmio

63 202 119 217 usque
135 197 155 213 ad
168 197 249 213 Clarcium
262 197 335 213 Vaticani
352 197 466 213 auctoritatem
486 198 577 217 sequentes
595 197 649 216 legere

62 228 95 239 nos
108 224 170 239 iubent*
195 223 256 239 Contra
274 223 354 239 exhibent
371 223 418 239 codd⁴
431 224 444 239 D
464 228 507 243 quae
524 228 558 239 non
574 224 650 240 faciebat.

62 250 155 266 Verisimile
164 255 197 266 non
206 251 232 266 est
239 250 283 266 viros
292 250 398 266 doctissimos
407 250 494 266 lectionem
503 250 566 266 illorum
575 251 649 266 codicum

62 278 81 293 ut
94 277 159 296 legibus
171 277 282 296 grammaticis
294 277 360 293 minime
369 277 497 297 respondentem
507 277 589 293 reiecisse.
605 277 650 293 Cun-

62 304 100 320 ierri
112 304 156 320 enim
169 304 215 320 licet:
232 303 265 320 Cic.
279 304 303 319 De
316 304 351 319 Nat,
364 304 413 319 Deor,
426 304 448 319 lll.
461 304 482 319 2⁴
495 304 588 324 „fortunam
601 308 650 320 nemo

62 331 84 347 ab
97 331 207 347 inconstantia
220 332 236 346 et
247 331 340 346 temeritate
352 331 486 350 seiunget,q11ae
497 331 548 350 digna
559 332 603 347 certe
616 335 649 347 non

61 358 102 373 sunt
118 358 161 373 deoss
174 358 199 373 vel
214 357 252 373 Sall.
266 357 302 373 Cat.
315 357 355 377 Cap⁴
369 358 395 373 31.
408 358 418 377 ξ
433 358 439 373 1
457 362 489 377 „ex
507 362 571 373 summa
588 358 650 373 laetitia

61 385 113 404 atque
125 384 197 404 lascivia,
206 388 249 404 quae
260 384 337 400 diuturna
350 384 397 404 quies
410 385 501 404 pepererat,
515 385 583 404 repente
595 385 649 400 omnis

61 410 127 426 tristitia
147 411 222 426 invasit.‘⁴
246 411 293 429 Quae
312 415 348 426 curn
366 410 387 426 ita
406 410 439 426 sint
455 412 506 431 atque
526 415 569 430 quae
588 411 649 430 optime

61 437 127 456 legibus
136 437 246 456 grammaticis
255 437 320 453 defendi
330 437 388 457 possit,
397 437 561 457 circumspiciendum
571 438 601 457 est,
613 439 649 453 utra

61 464 111 480 lectio
124 468 163 480 vera
175 464 201 480 sit.
221 464 275 484 Atque
288 465 305 479 ut
318 468 344 480 res
357 464 372 479 in
387 464 474 480 discrimen
487 465 560 484 vocetur,
575 464 649 484 proficis-

61 491 134 507 cendum
141 492 167 506 est
174 495 183 506 a
190 491 300 511 sequentibus
309 491 363 506 verbis
370 491 389 506 at
394 491 415 510 171,
421 491 471 510 quiin
476 491 536 506 horam
543 491 617 507 viverent
625 504 627 507 .
635 504 638 506 .
646 504 649 507 .

61 518 182 537 cogitaverunt.
195 517 243 536 Quod
256 517 302 533 attuli
315 522 336 533 ex
348 518 443 533 coniectura
455 518 526 536 Naugeri
539 518 597 533 editur*
616 518 649 533 Sed

62 545 149 560 videamus
162 544 233 560 codices,
246 544 335 560 Vaticanus
348 544 416 560 exhibet
428 544 470 560 haec
481 545 510 564 qui
521 557 523 560 .
536 557 539 560 Δ
551 557 554 560 «
569 545 651 564 vlverenl;

62 571 96 587 lnt:
108 571 150 587 haec
161 571 174 586 ii
184 571 223 591 qim
234 575 264 590 ag:
273 571 315 587 haec
325 571 344 587 hi
354 571 390 591 qm]
407 571 427 587 b:
436 572 454 587 et
464 571 482 586 hi
492 571 524 591 qu
544 571 649 591 Quamquam

61 598 129 614 codices
147 598 189 613 inter
206 602 225 613 se
242 598 336 617 discrepare
348 598 430 617 videntur,
437 598 448 618 ¹)
466 599 521 614 tamen
534 598 596 618 optimo
609 598 649 618 iure,

61 629 99 641 curn
116 624 177 641 codicis
195 624 205 640 b
223 625 293 644 scriptor
310 629 342 640 non
361 629 412 645 parva
430 629 471 641 usus
488 625 509 641 sit
525 625 595 645 licentia,
617 625 647 641 dici

61 653 118 671 potest
142 656 200 667 omnes
223 652 274 667 libros
294 652 372 667 exhibere
392 652 438 668 haec,
462 652 499 670 Qua
521 656 538 668 re
562 653 649 672 perspecta

61 678 139 698 equidem
151 678 208 694 dubito
221 683 278 694 vocem
291 680 355 694 mutare
368 680 397 694 aut
413 679 473 694 delere⁴
498 679 514 695 Si
532 680 587 695 autem
605 680 648 695 recte

61 705 205 725 explicaverimus,
223 705 271 720 nobis
289 705 332 721 nulla
349 709 395 721 mora
413 705 510 725 interposita
530 710 567 721 cum
587 706 649 726 aliquot

61 732 106 747 libris
123 731 160 748 iam⁴
178 732 191 747 D
209 732 314 747 scribendum
339 736 377 747 esse
395 732 437 747 haec
456 732 469 747 ῘῘ
484 732 571 752 concedes,
585 733 602 748 ut
617 733 648 748 iarn

61 758 163 774 Garatonius
187 758 255 774 monuit.
280 758 314 774 Hac
338 759 393 774 autem
417 759 486 774 lectione
509 760 575 778 recepta
597 759 649 775 altera

60 785 149 801 difficultas
167 785 250 804 nascitur;
270 785 352 801 claudicat
371 785 415 801 enirn
435 786 493 801 oratio,
509 785 542 801 Sed
558 785 605 801 facile
622 786 649 801 illa

60 811 149 827 difficultas
169 812 270 831 sublevatur,
291 816 327 827 cum
348 812 424 827 voculam
444 816 481 828 cum
500 813 539 832 post
558 812 587 832 qui
608 817 648 832 sup-

60 838 131 858 plemus,
147 843 197 858 quam
210 843 291 858 persaepe
304 839 407 854 intercidisse
420 843 453 855 non
466 839 564 855 mirabimur(
585 839 648 858 Legen-

60 865 100 880 dum
117 866 143 881 est
161 865 220 884 igitur:
237 865 280 881 haec
295 865 353 885 11¹,qu
369 870 406 881 cum
424 865 439 881 in
457 865 513 881 horam
532 866 605 881 viverent

60 892 182 910 cogitaverunt,

115 931 148 947 Sed
161 932 249 948 redeamus
262 932 282 948 ad
295 932 316 951 id,
325 932 370 952 quod
382 936 433 952 supra
446 932 544 948 distulimus.
554 932 576 948 Ex
585 933 647 948 eisdem

60 959 117 978 rebus,
124 963 167 978 quas
177 959 226 974 modo
235 959 305 979 exposui
315 963 395 978 apparere
402 959 466 974 videtur
474 959 523 974 etiam
536 959 589 978 priore
601 960 647 978 parte

60 985 141 1001 enuntiati
159 986 206 1001 codd,
219 986 232 1001 D
244 986 332 1005 genuinam
352 986 439 1001 lectionem
457 989 511 1005 „quae
528 989 561 1001 non
578 985 648 1001 iaciebat

61 1012 148 1031 Hannibal,
166 1012 204 1032 quia
221 1016 235 1028 e.
248 1016 263 1032 q.
276 1012 302 1028 sf‘
318 1012 418 1031 servavisse,
435 1016 472 1027 cum
484 1012 526 1027 haec
541 1013 557 1027 et
569 1016 611 1032 quae
624 1013 647 1028 in-

61 1039 113 1054 vicem
126 1043 145 1054 se
158 1038 229 1054 fulciant⁴

115 1100 126 1118 ¹)
137 1100 179 1114 Coni.
191 1104 210 1114 or.
221 1100 257 1114 Phil.
268 1100 303 1114 Vlli,
316 1100 324 1119 ξ
334 1100 355 1114 25.
369 1100 418 1114 ferres.-
427 1100 446 1117 V;
456 1100 512 1114 ierretr':
521 1101 534 1118 ῖς
546 1100 589 1114 ierret
599 1100 618 1114 li.-
627 1100 640 1114 ln

59 1123 86 1138 terr
96 1123 127 1138 hii:
136 1123 156 1141 b..
