777 1263
303 103 414 118 -63-

61 152 117 168 oratio
133 151 180 167 aliter
196 151 285 167 formatur:
302 155 332 171 pro
344 151 458 167 enuntiatione
471 151 571 168 secundaria
583 152 652 167 senten-

61 178 102 194 tiam
111 178 204 198 primariam
213 178 269 193 orator
277 178 325 193 nobis
338 178 411 197 praebet.
424 178 462 193 Tria
474 177 524 194 huius
537 178 580 194 modi
594 182 652 194 exem-

62 205 90 225 pla
103 209 137 221 rem
150 205 243 225 exponant:
260 204 310 220 Acad,
328 204 377 220 Prior<
391 204 401 220 ll
414 205 435 220 37
450 209 504 225 „nunc
517 205 537 221 de
550 205 651 221 adsensione

61 236 117 252 pauca
129 232 208 251 dicemus,
220 235 255 247 non
267 236 300 251 quo
312 231 359 247 locus
372 231 398 251 sit,
411 231 444 247 sed
453 231 502 251 paulo
512 232 550 247 ante
559 232 602 247 iacta
613 232 653 247 sunt

61 258 187 274 tundamentaf‘
196 259 236 274 orat.
249 258 293 274 Sest⁴
306 258 316 278 ξ
328 258 346 274 61
362 259 419 278 „actor
431 262 485 274 rerum
498 258 561 274 illarum
573 258 608 278 tuit,
617 262 653 274 non

62 289 97 304 quo
109 285 199 305 periculum
212 289 261 300 suum
274 289 306 300 non
319 284 387 304 videret,
406 284 464 300 sedin
477 286 524 301 tanta
536 285 558 301 rei
576 285 651 305 publicae

61 312 163 331 tempestate
181 311 219 327 nihil
237 311 268 327 sibi
287 311 318 327 nisi
335 311 355 327 de
373 312 435 331 patriae
453 311 529 331 periculis
545 312 651 330 cogitandum

59 338 149 358 putabat.“
161 337 194 354 Liv.
204 338 218 353 Χ
231 338 271 359 ⁴2„
280 338 311 358 „ad
321 338 378 354 urbem
387 338 459 358 Scipioni
469 339 530 354 maiore
540 338 622 354 resistitur
630 338 651 358 vi,

60 369 97 381 non
109 365 149 384 qula
160 365 197 384 plus
210 365 258 381 animi
271 365 319 380 victis
332 366 362 385 est,
375 364 407 380 sed
414 365 473 380 melius
482 365 522 380 muri
532 369 581 388 quam
590 365 650 380 vallum

61 392 137 407 armatos
149 392 221 407 arcent,ss
587 395 590 397 ⁷

277 457 332 477 Orat,
344 457 363 477 ll.
379 459 389 482 ἓ
405 457 435 478 50,

117 512 204 531 Antonius,
213 513 302 531 postquam
315 512 395 531 quaestor
407 512 460 527 iactus
473 512 503 531 est,
512 516 544 527 suo
557 512 616 528 iudicio
629 512 650 528 ad

60 539 153 555 Caesarem
171 543 190 554 se
207 538 281 554 contulit.
294 538 320 558 „id
337 538 380 554 enim
397 542 448 554 unum
467 538 482 553 in
499 538 547 554 terris
564 539 650 559 egestatis,

60 565 105 581 aeris
126 565 179 585 alieni,
200 565 283 585 nequitiae
304 565 372 585 perditis
388 565 432 581 vitae
449 565 541 581 rationibus
558 565 650 584 periugium

60 592 142 608 ducebas,
157 592 178 608 lbi
191 593 206 607 te
219 592 256 608 c'um
269 592 286 608 et
298 592 340 607 illius
352 592 467 611 largitionibus
480 593 497 607 et
508 592 541 607 tuis
550 591 611 611 rapinis
620 596 649 607 ex-

60 619 150 639 plevisses,
163 619 176 634 si
189 618 220 634 hoc
232 617 258 634 e'st
271 618 336 638 explete
347 618 394 638 quod
404 618 461 634 statim
473 618 555 638 effundas,
568 618 649 634 advolasti

61 650 114 665 egens
127 645 148 661 ad
160 646 277 661 tribunatumf‘

116 672 198 692 Lacunam
211 677 226 692 in
239 674 265 692 hi's
277 674 332 692 verbis
348 677 442 692 statuerunt
459 676 535 696 permulti
552 675 649 696 editooesst)

60 703 95 719 Sed
113 703 262 723 Hirschfelderus2)
280 703 315 719 loco
333 707 353 719 ex
370 707 394 719 or.
407 707 436 723 pro
455 703 519 721 Quinct.
533 703 542 723 ξ
555 703 564 719 7
577 703 602 723 „si
617 703 649 719 hoc

61 731 88 746 est
104 730 197 749 defendem,
213 730 298 750 cupiditati
315 730 383 746 alterius
400 730 525 749 obtemperare‘*
538 730 593 750 allato,
610 734 647 746 cum

60 756 114 772 oratio
130 756 246 772 infinitivorum
264 756 349 772 iteratione
367 756 467 775 languescat
482 760 553 776 cumque
570 756 616 772 facile
628 757 650 772 sit

60 783 142 802 suspicari
154 783 181 799 est
194 787 215 799 ex
231 783 307 803 sequenti
326 787 347 799 ex
363 784 458 803 corruptum
475 787 514 799 esse
532 783 608 803 proponit
624 783 649 803 „si

60 810 92 825 hoc
109 809 186 829 expleam
202 810 247 830 quod
264 810 319 826 statim
336 810 422 826 eiiundas:
435 814 484 826 wenn
497 814 535 826 man
547 810 582 826 sich
598 810 649 826 daran

60 836 133 855 simigen
146 836 214 856 konnte,
223 841 259 852 was
272 841 309 852 man
322 836 374 852 sofort
386 837 449 852 wieder
461 836 605 856 verschwendet,“
615 836 649 852 ele-

60 863 121 882 gantur
133 863 204 883 quidem,
214 863 244 879 sed
256 868 289 879 non
302 864 345 883 apte.
359 863 421 879 Ernesti
435 863 529 879 coniectura
542 867 580 878 cum
591 863 650 878 statim

60 889 139 905 effundas
155 890 240 906 lenissima
256 890 323 910 quidem
340 891 366 906 est
384 894 438 910 neque
456 890 518 905 desunt
535 889 584 905 huius
604 889 648 905 modi

60 916 138 936 exempla
156 916 186 936 (sic
201 921 224 936 pr.
237 916 302 935 Quinet⁴
315 917 325 937 ξ
338 917 359 932 53
371 918 415 936 „non
434 917 460 932 est
478 916 523 932 istud
541 916 574 936 pati
593 920 649 936 neque

60 943 120 959 iudicio
132 942 221 959 deffendere
234 947 272 958 cum
283 943 362 959 auxilium
375 947 384 958 a
396 943 466 958 tribunis
484 942 544 962 petas‘¹
558 942 584 958 vel
597 942 648 962 Epist,

60 970 80 985 ad
93 970 137 986 Fam.
147 970 166 985 Χ1
179 970 200 990 8,
210 970 234 989 „si
248 969 273 985 hic
286 969 356 985 dilectus
368 969 478 989 appellandus
491 970 521 989 est,
531 973 569 985 cum
577 969 619 985 ultro
629 973 649 985 se

114 1031 124 1048 ¹)
135 1031 234 1045 lnseruerunt:
244 1030 308 1045 haurire
321 1031 344 1045 vel
359 1031 442 1045 devorare:
455 1030 505 1045 Ριὲῐη.
520 1034 583 1048 sapere:
595 1030 648 1045 Graev:

60 1053 150 1067 exhaurire:
159 1053 247 1070 Heusinger;
257 1053 334 1067 Eberhard,
342 1053 420 1071 ingerere:
426 1052 481 1067 Schsstz
487 1057 491 1070 ;
498 1052 569 1067 sorbere:
578 1052 595 1067 C.
603 1052 617 1066 F.
625 1052 648 1067 W,

61 1075 108 1089 MuelL
119 1075 201 1089 devorare:
211 1075 259 1089 Halm.
270 1074 280 1089 Il
291 1075 331 1093 (post
341 1074 419 1092 effundas).

112 1097 124 1115 ¹)
134 1097 189 1112 Ztschr⁴
199 1097 208 1111 t.
218 1097 231 1111 d.
242 1097 290 1112 G.-w.
301 1097 333 1111 1871
346 1101 378 1115 pag.
388 1097 409 1112 41.
